2714 4500
81 215 121 272 62
541 217 618 272 Felix
635 217 763 289 Rudolph

82 391 192 472 patulo
216 395 272 454 est.
318 388 424 472 thue
447 390 480 455 in
502 390 559 455 illa
581 389 748 457 historiola
771 411 865 473 quam
888 390 929 457 de
950 389 1092 474 Archyta
1119 390 1224 476 affert,

82 491 128 555 ita
150 491 183 555 in
205 488 266 555 hac
289 489 331 556 de
347 490 487 573 Socrate,
512 512 584 557 cum
605 498 712 558 cetera
733 493 767 557 in
781 493 930 558 Latinum
952 512 1131 558 sermonem
1152 514 1226 560 con·

80 597 235 675 uerteret,
265 592 419 657 nonnulla
440 593 540 658 uerba
562 593 687 660 Graeca
709 615 729 658 a
750 595 940 678 repetitione
962 614 1025 658 non
1047 592 1228 661 abhorrens

80 702 211 782 propter
233 692 480 777 significantiam
494 696 631 761 retinuit.
670 696 738 760 Iam
753 714 829 760 uero
846 715 887 760 ex
902 696 1073 777 omnigena
1090 694 1230 762 historia

80 798 163 865 hunc
185 799 292 863 locum
313 815 384 861 esse
406 794 631 880 depromptum
653 803 824 880 propterea
845 796 1027 879 negandum
1049 802 1115 879 est,
1140 798 1229 880 quod

80 901 203 968 Gellius
226 901 259 963 in
272 898 359 979 XIV,
376 899 394 959 6
411 898 582 982 interprete
597 897 788 964 Nietzscheo
804 918 839 965 se
855 919 927 964 eam
946 899 1170 965 tantummodo
1187 900 1230 964 ad

78 1002 140 1068 hoc
163 1001 292 1084 quidem
315 1006 411 1082 caput
432 999 594 1065 admotam
615 1001 722 1065 statim
736 1006 961 1084 properantem
976 1001 1139 1066 Fauorino
1156 1000 1228 1066 red·

79 1101 202 1186 didisse
231 1102 318 1167 dicit.
362 1102 476 1183 Neque
505 1122 565 1184 ego
594 1103 770 1184 amplector
799 1103 1013 1167 coniecturam
1041 1101 1231 1185 Mercklini,

79 1204 134 1284 qui
158 1223 229 1268 eam
250 1205 465 1269 narrationem
486 1203 529 1268 ad
551 1204 715 1288 peculiare
730 1203 881 1268 Fauorini
904 1204 1093 1286 opusculum
1109 1202 1153 1268 de
1171 1203 1229 1270 So·

79 1312 165 1371 crate
187 1305 399 1389 compositum
410 1306 431 1381 ¹)
454 1311 584 1371 reuocat
594 1308 626 1380 ²).
670 1305 754 1371 Nam
777 1305 935 1387 Gellium,
964 1305 1016 1369 cui
1037 1305 1232 1371 facultatem

78 1406 177 1474 fuisse
199 1428 241 1474 ex
263 1408 563 1474 commentariorum
586 1406 688 1491 copiis
702 1407 961 1473 luculentissimis
977 1405 1151 1471 hauriendi
1167 1408 1231 1472 uiri

77 1509 164 1576 docti
187 1512 400 1592 consentiant,
430 1530 506 1575 num
529 1507 634 1574 credis
657 1507 862 1574 descendisse
884 1506 927 1571 ad
948 1507 1094 1572 riuulos?
1133 1509 1237 1574 Nunc

75 1632 163 1695 uero,
189 1631 260 1676 cum
283 1630 323 1676 ea
346 1631 427 1693 quae
450 1611 478 1676 is
500 1612 521 1674 l.
537 1611 558 1674 l.
576 1609 616 1674 de
633 1607 764 1675 Socrate
786 1613 894 1673 narrat
916 1609 956 1674 ab
979 1609 1044 1673 alio
1065 1608 1158 1690 quod
1173 1630 1231 1676 no·

76 1719 142 1778 turn
159 1719 207 1778 est
221 1714 384 1779 uolumine
394 1712 546 1777 Fauorini
562 1710 636 1775 duci
650 1730 713 1776 non
727 1711 853 1794 possint
867 1709 929 1775 nisi
944 1713 1230 1796 acommentariis‚

76 1813 189 1880 horum
217 1834 337 1878 nouum
366 1812 529 1895 quoddam
558 1811 720 1877 detexisse
748 1810 827 1877 mihi
855 1811 968 1876 uideor
997 1811 1230 1898 fragmentum,

76 1915 162 1997 quod
186 1914 316 1996 quidem
339 1935 411 1980 cum
433 1915 524 1978 uaria
546 1912 680 1978 historia
702 1913 870 1997 conspiret.

159 2017 257 2081 Porro
282 2017 383 2081 obiter
405 2016 574 2081 concinunt

74 2136 111 2201 V.
125 2134 155 2200 h.
168 2137 223 2219 IV,
234 2138 286 2200 13:
299 2127 529 2215 Ἐιιίκοοροςὸ
545 2137 575 2195 Γ
574 2156 632 2217 ap·
659 2132 752 2197 Noct.
774 2131 839 2195 Ate.
855 2131 912 2213 IX,
931 2133 959 2214 8,
976 2136 1011 2196 4:
1034 2132 1131 2198 Hanc
1154 2153 1227 2199 sen·

72 2230 204 2318 γήιιιος
212 2230 376 2319 ἐκεκράγει
383 2227 536 2319 λέγιονίῷ
549 2226 631 2299 tlt·
659 2234 794 2300 sentiam
809 2233 971 2297 memini
986 2253 1007 2296 a
1018 2234 1227 2302 Fauorino

72 2359 142 2418 γον
157 2328 228 2416 οὐχ
244 2333 402 2415 ἱκανόν,
420 2328 522 2400 ἀλλὰ
537 2334 631 2402 τού·
657 2337 740 2400 inter
768 2335 914 2417 ingentes
937 2334 1078 2399 omnium
1102 2337 1226 2402 clamo-

72 2462 124 2522 τῳ
147 2461 190 2522 γε
206 2429 325 2501 οὐδὲν
342 2431 512 2502 tacvo‘r'.
536 2431 630 2503 ὁοῦ-
657 2437 1225 2520 resdetornataminclusamqueuer-

71 2536 128 2615 τὸς
151 2538 187 2603 δὲ
210 2536 300 2622 ἔλεγε
320 2536 461 2621 ἑτοίμως
476 2538 630 2622 ἔχεινκαὶ
657 2539 706 2605 bis
735 2537 785 2604 his
807 2538 1026 2620 paucissimis:
1058 2531 1134 2602 ‘cdv
1157 2536 1224 2624 γὰρ

71 2642 119 2724 τῷ
134 2642 195 2705 Διὶ
216 2637 301 2725 ὑπὲρ
324 2633 538 2723 αι’-δαιμονίας
556 2641 629 2707 δια·
656 2638 1222 2724 μαρίιονκαὶπεατακισχιλίωαχλα·

70 2739 272 2826 γιονίζεσθαι
313 2740 420 2824 μᾶζαν
456 2741 537 2825 ἔχων
573 2745 629 2808 καὶ
655 2735 768 2825 prodero
802 2741 958 2823 deciperes
995 2735 1142 2806 οὐκέστι
1176 2740 1223 2830 μὴ

71 2836 170 2929 ὕδωρ.
198 2845 304 2906 ταῦτα
325 2841 385 2926 μὲν
401 2829 458 2909 οὖν
474 2843 594 2910 ἐννοῶν
610 2840 626 2910 ὁ
655 2842 821 2910 πλειόνων
839 2844 992 2908 δεῖσθαι·
1008 2839 1060 2917 οἷς
1075 2840 1140 2930 γὰρ
1158 2843 1224 2926 ἐ’χιο

66 2938 628 3032 Ἐπίκουροςιίβοολόμενοςέιιῄνει
655 2944 911 3028 προσδεόμενος,
929 2937 1064 3031 ἀφελών
1080 2937 1128 3011 civ
1145 2944 1221 3028 ἔχω,

69 3045 129 3135 τὴν
151 3042 287 3134 ἡδονήν,
311 3044 476 3130 εἰσόμεθα
499 3044 626 3113 ἄλλοτε.
656 3041 819 3134 ἀρκοῦμαι
841 3045 892 3123 οἷς
914 3044 987 3127 ἔχω.

144 3168 298 3234 Videmus
314 3168 410 3250 igitur
426 3169 555 3235 effatum
571 3169 701 3252 Epicuri
713 3169 903 3234 Aelianeum
914 3167 1041 3232 omnino
1053 3167 1088 3230 in
1101 3168 1221 3234 eodem

70 3276 256 3353 argumento
285 3271 407 3335 uersari
429 3291 467 3336 ac
488 3270 641 3335 Fauorini
664 3271 853 3335 sententiam
876 3288 917 3334 ex
939 3268 1046 3333 Gellio
1069 3268 1219 3354 adscrip-

68 3379 151 3454 tam3
181 3391 277 3453 quam
304 3390 345 3436 nc
374 3372 479 3454 ipsam
510 3370 638 3452 quidem
661 3391 702 3437 ex
725 3391 779 3436 ore
800 3371 887 3437 illius
910 3370 951 3435 ab
974 3369 1037 3435 hoc
1058 3371 1218 3456 auditam,

68 3472 126 3538 sed
157 3493 174 3538 e
203 3472 286 3538 libro
315 3472 455 3554 quodam
482 3473 618 3556 petitam
646 3493 716 3538 esse
749 3479 884 3557 apparet
913 3492 954 3538 ex
984 3471 1118 3538 Stobaei
1145 3471 1216 3538 flor.

67 3573 185 3655 XLIX,
208 3575 259 3656 48,
283 3576 337 3656 qui
360 3573 495 3641 eandem
517 3575 613 3659 plane
636 3573 679 3639 ad
700 3574 833 3640 uerbum
856 3573 995 3639 exhibet.
1040 3574 1110 3639 Iam
1125 3594 1216 3658 uero,

69 3721 270 3777 litterarischen
288 3721 412 3793 Gepiteln
435 3723 552 3778 erkannt
573 3722 635 3788 hat,
659 3723 723 3791 liegt
741 3739 769 3778 es
787 3724 851 3779 sehr
868 3725 939 3779 nahe
956 3723 1158 3789 anzuuehmen,
1184 3738 1215 3778 es

68 3804 143 3860 scien
160 3806 211 3860 viel
228 3808 299 3861 efter
315 3806 448 3862 aunachst
466 3808 509 3862 die
520 3807 698 3862 Schriften
716 3809 764 3863 der
780 3809 916 3864 redenden
929 3809 1036 3879 Organe
1048 3809 1089 3864 als
1099 3807 1215 3878 Quellen

62 3888 111 3944 fur
128 3889 186 3944 ihre
203 3890 355 3946 mhndliche
371 3891 546 3960 Darstellung
563 3893 674 3947 benutzt
691 3889 816 3948 worden’.

153 3979 178 4041 1)
195 3975 269 4030 Suid.
289 3990 311 4029 s.
330 3993 357 4030 u.
427 3979 452 4041 2)
471 3976 611 4032 Mercklin.
630 3994 656 4047 p.
676 3982 734 4033 678.

33 4148 63 4175 Ιι
