2714 4500
114 197 152 255 10
502 202 503 205 ’
570 195 646 250 Felix
664 195 791 266 Rudolph

112 373 188 456 quin
210 369 309 436 uerba
332 369 443 435 fecerit
466 369 506 434 de
529 369 735 436 uenatoribus
751 371 805 453 qui
821 371 947 455 copiam
962 371 1102 438 ferarum
1119 373 1262 458 undiquc

112 473 322 557 conquisitam
344 471 482 557 principi
504 469 747 554 suppeditarent
769 470 838 538 lieri
854 492 917 537 non
931 473 1044 556 potuit.
1079 473 1175 553 Quae
1192 497 1261 542 cum

111 577 156 640 ita
177 576 249 657 sint,
272 573 427 640 Aelianus
449 578 522 657 post
544 591 662 638 annum
681 575 750 657 195,
775 593 837 656 quo
860 574 928 639 uita
943 574 1113 642 Commodi
1130 584 1260 644 auctore
1295 652 1297 665 Ι

8 696 10 700 ·
75 722 78 747 ;
110 678 259 744 Reimaro
272 680 290 755 ¹)
320 681 452 742 exarata
474 680 537 758 est,
562 674 677 740 librum
701 673 742 740 dc
764 681 877 740 natura
899 677 1086 743 animalium
1109 679 1259 746 confecit.

62 850 65 856 ,
193 780 247 846 Ad
263 778 377 844 eadem
391 782 537 859 tempora
552 777 731 859 relegamur
746 774 818 842 hist.
835 778 931 842 anim.
944 779 964 842 l.
977 778 1072 844 XVII
1087 782 1198 865 capite
1211 786 1258 863 44,
1282 837 1285 841 ,

109 884 164 948 ubi
186 888 296 947 auctor
325 880 403 945 dicit
430 877 640 944 rhinocerotis
670 876 802 961 liguram
833 877 1016 946 describere
1045 901 1167 964 operae
1198 904 1259 950 non

110 1003 180 1051 esse
202 983 349 1067 pretium,
372 1000 443 1047 cum
466 980 615 1064 permulti
639 978 783 1046 homines
807 984 839 1045 et
857 980 972 1048 Graeci
996 989 1028 1048 et
1049 984 1190 1051 Romani
1206 987 1258 1069 qui

108 1087 198 1151 illum
231 1084 371 1150 uiderint
403 1083 472 1149 eius
506 1082 641 1147 formam
673 1082 833 1165 cognitam
866 1080 1014 1149 habeant.
1067 1086 1149 1153 Tale
1182 1089 1258 1171 quid

107 1188 204 1254 scribi
233 1187 288 1252 uix
318 1186 421 1270 potuit
448 1183 509 1250 nisi
538 1189 612 1267 post
639 1182 732 1249 ludos
758 1183 926 1250 bestiarios
948 1205 969 1250 a
991 1185 1168 1254 Commodo
1193 1211 1256 1257 cre·

107 1290 244 1356 berrimc
266 1289 377 1355 factos.
439 1323 440 1326 ¹

191 1389 349 1469 Quoniam
374 1387 502 1472 quando
518 1387 672 1454 Aelianus
692 1388 809 1454 uixerit
825 1389 1027 1472 exploratum
1042 1396 1100 1473 est,
1126 1395 1255 1475 quando

107 1493 270 1577 scripserit
292 1491 470 1558 accuratius
493 1509 698 1573 quaeramus..
726 1490 878 1556 quenem
903 1510 975 1556 eum
998 1492 1059 1557 arti
1073 1491 1254 1563 rhetoricae

106 1598 173 1663 siue
197 1593 407 1678 sophisticae,
436 1593 592 1658 seniorem
622 1592 783 1658 scribendi
806 1590 911 1657 studio
935 1592 1078 1658 deditum
1101 1595 1204 1664 fuisse
1227 1605 1256 1665 et
1294 1600 1297 1611 '

106 1720 147 1765 ex
169 1697 288 1764 diserto
312 1695 493 1761 testimonio
509 1692 696 1760 Philostrati
704 1694 727 1769 ἐ)
749 1699 885 1776 apparet
907 1700 939 1759 et
962 1714 1003 1760 ex
1018 1694 1173 1764 historiae
1190 1701 1255 1765 ani·

105 1800 236 1866 malium
261 1798 389 1881 epilogo
398 1797 440 1879 3),
468 1795 524 1860 ubi
554 1794 768 1878 significatae
791 1795 988 1861 naturalibus
1012 1799 1254 1879 quaestionibus

105 1906 294 1985 occupatum
322 1899 484 1964 fructuosa
512 1896 710 1981 professione
733 1897 872 1962 oratoria
893 1897 1078 1981 abdicasse,
1108 1899 1143 1965 id
1169 1902 1255 1984 quod

104 2003 249 2088 apprime
283 2001 509 2080 conuenienter
542 2018 613 2065 cum
647 1999 686 2064 iis
720 1999 858 2065 concinit
891 2018 974 2081 quae
1006 1998 1113 2068 adhuc
1145 2002 1254 2088 dispu-

103 2112 169 2172 tata
191 2109 272 2171 sunt.
1040 2163 1042 2168 ,

189 2206 268 2272 (lum
293 2205 378 2270 enim
400 2209 569 2286 utramque
592 2203 757 2270 historiam
772 2203 937 2285 aliquanto
953 2209 1026 2286 post
1042 2203 1256 2273 Commodum

52 2324 54 2328 ·
100 2309 281 2375 confectam
311 2325 382 2373 esse
412 2308 673 2389 cognouerimus‚
702 2312 737 2370 ut
765 2310 871 2370 aetate
894 2312 1065 2387 prouectus
1087 2306 1130 2371 ad
1154 2308 1255 2376 libros

103 2409 339 2496 componendos
369 2428 405 2474 se
435 2410 628 2475 conuerterit
651 2407 794 2474 efficitur.
840 2405 964 2485 Quibus
987 2409 1177 2491 praemissis
1201 2431 1254 2478 ex·

102 2512 230 2597 peditur
252 2531 291 2577 ea
313 2510 486 2576 difficultas
510 2529 592 2593 quae
607 2508 757 2575 Philostr.
774 2509 814 2593 Il,
833 2512 868 2573 31
889 2515 921 2573 et
936 2507 1008 2574 hist.
1025 2511 1122 2575 anim.
1139 2512 1202 2597 XI,
1215 2517 1254 2577 40

101 2615 222 2685 moueri
238 2618 353 2697 potest.
387 2613 457 2678 Illic
474 2614 558 2677 enim
574 2613 710 2695 legimus
724 2611 895 2676 Aelianum
911 2611 1039 2677 solitum
1055 2632 1127 2679 esse
1143 2614 1255 2681 dicere

101 2847 196 2899 ἑαυτοῦ
214 2851 288 2916 χερσὶ
306 2841 503 2917 κατεχρήσατο,
527 2850 573 2897 καὶ
591 2848 703 2914 προσέτι
721 2851 766 2898 καὶ
784 2848 964 2918 ῥινοκέρωταε
980 2842 1124 2901 ἀπέκτεινε
1143 2855 1193 2902 καὶ
1211 2871 1256 2903 κα·

99 2928 314 2999 μηλοπάρὸαλιν.
334 2931 441 2982 ταῦτα
458 2934 519 2998 μέν
536 2949 595 2998 μοι
612 2928 694 2982 κατὰ
712 2931 844 2985 παντὸς
860 2934 918 2986 τοῦ
936 2936 1014 3001 περὶ
1033 2928 1141 2985 αὐτὸν
1155 2932 1255 3007 λόγον

98 3019 301 3089 γέγραπται.

186 3104 210 3165 1)
228 3099 337 3169 Panly'n
356 3098 526 3168 Realencycl.
545 3102 572 3154 11
590 3118 616 3170 p.
633 3106 706 3156 1027.

185 3188 209 3250 2)
228 3183 282 3238 vlt.
302 3184 379 3254 soph.
398 3184 433 3249 II,
453 3189 497 3239 31:
525 3181 609 3240 ἔπειτ’
629 3181 672 3239 ὅτι
697 3187 862 3259 προορηθεὶε
887 3186 1015 3258 σοφιστὴς
1038 3181 1093 3242 ὑπὸ
1119 3192 1181 3243 τῶν
1207 3213 1253 3258 χα-

100 3273 251 3338 ριζομένων
273 3265 307 3323 τὰ
332 3269 458 3333 τοιαῦτα,
482 3265 529 3324 οὐκ
548 3274 713 3336 ἐπίστευσεν,
734 3267 796 3326 odda*
814 3271 925 3326 ἐκόλασε
943 3271 994 3339 τὴν
1011 3273 1108 3325 ἑαυτοῦ
1126 3277 1253 3346 γνώμην,

99 3351 162 3406 olda
184 3351 293 3423 ἐπήρθη
315 3349 370 3407 dud
394 3355 441 3408 τοῦ
465 3346 599 3420 ὀνόματος
622 3347 694 3408 οὕτω
715 3355 831 3429 μεγάλου
855 3356 948 3422 ὄντος,
972 3352 1040 3409 ἀλλ’
1064 3358 1199 3414 ἑαυτὸν
1218 3351 1253 3413 ad

100 3435 376 3509 διασκεψάμενοε
394 3435 434 3492 ωε
451 3437 577 3511 μελέτῃ
596 3436 655 3491 οὐκ
674 3438 880 3507 ἐπιτήδειον
897 3441 1253 3514 τῷσυγγράφεινέπ·

100 3522 205 3576 έθετο
224 3530 269 3577 καὶ
288 3520 456 3592 ἐθαυμάσθη
475 3527 504 3575 ἐκ
521 3524 627 3578 τούτου.
1153 3581 1157 3589 ,

184 3612 209 3674 3)
227 3605 281 3662 Οὐκ
303 3605 397 3682 ἀγνοῶ
421 3607 450 3662 δέ
473 3606 538 3679 ἄρα,
562 3603 605 3662 ὅτι
629 3615 674 3661 καὶ
699 3611 758 3663 τῶν
779 3612 816 3664 εἰς
837 3610 962 3682 χρήματα
981 3608 1115 3683 ὁρώντων
1133 3607 1184 3675 ὀξὺ
1204 3621 1250 3668 καὶ

99 3691 279 3761 τεθηγμένων
297 3697 323 3746 ἐς
340 3693 418 3762 τιμάς
435 3715 465 3746 τε
484 3698 528 3746 καὶ
548 3691 671 3762 δυνάμεις
689 3699 760 3749 τινές
777 3701 821 3749 καὶ
834 3697 891 3750 πᾶν
904 3694 935 3749 τὸ
948 3694 1094 3766 φιλόδοξον
1107 3692 1141 3749 δι’
1157 3699 1251 3754 αἰτίαν

99 3776 218 3841 ἕξουσιν,
237 3779 260 3828 εἰ
277 3777 328 3845 τὴν
348 3781 463 3847 ἐμαυτοῦ
482 3777 579 3846 σχολὴν
596 3780 754 3847 κατεθέμην
771 3786 816 3833 καὶ
834 3782 871 3833 εἰς
888 3781 991 3836 ταῦτα·
1018 3781 1081 3846 ἐξὸν
1098 3787 1146 3834 καὶ
1162 3777 1250 3856 ὄφρα·

99 3860 202 3914 οῦσθαι
225 3869 270 3914 καὶ
296 3866 326 3916 ἐν
349 3869 407 3918 ταῖς
426 3860 517 3917 αὐλαῖς
534 3861 715 3928 ἐξετάζεσθαι
733 3870 777 3918 καὶ
796 3870 843 3921 ἐπὶ
860 3871 929 3938 μέγα
948 3865 1078 3938 προήκειν
1095 3868 1142 3920 'cod
1162 3866 1250 3922 πλού·

98 3963 153 3997 τοο.
172 3944 226 4017 ἐγω
245 3943 274 4000 δέ
290 3943 359 4018 ἐπέρ
377 3968 406 4000 τε
424 3944 575 4002 ἀλωπέκων
592 3953 637 4000 καὶ
655 3951 766 4021 σαορῶν
783 3956 827 4004 καὶ
845 3948 1250 4023 κανθάρων...περωρχομαι.
