2714 4500
82 205 123 262 64
503 190 504 193 “
543 201 620 257 Felix
637 201 765 272 Rudclph

82 373 342 459 προσιόντας
380 366 488 458 αὕτη]
515 366 619 450 οότως
642 372 724 454 ἕχον.
757 376 823 452 (40)
842 368 888 438 Ἡ
900 365 930 437 δ’
954 365 1142 456 ἀντωμοσία
1165 374 1211 456 της

83 474 274 543 ἐδίδασκέ
288 501 329 541 τε
344 478 411 542 καὶ
428 474 488 540 εἰ·
516 474 607 563 δίκης
628 477 747 540 τοῦτον
770 470 835 555 εἶχε
857 471 915 540 τόν
930 472 1071 560 τρόπον·
1095 466 1209 539 ἀνάκει-
1262 468 1264 487 '

84 578 201 644 δέναι
245 572 487 643 ἀνέπειθεν.
514 602 571 642 ται
592 574 655 663 γὰρ
678 575 728 642 ’ἑτι
749 578 805 641 καὶ
828 579 900 656 νῦν,
925 577 1008 664 φησί
1033 580 1210 660 Φαβωρί-

82 679 153 746 δδὲ
169 673 413 767 Ἀριστοφάνης
429 680 488 743 λα·
516 703 600 759 νος,
624 676 658 743 ἓν
680 680 728 763 τη]
749 677 922 765 Μητρῴῳ·
943 673 1036 743 ‘acide
1059 675 1209 763 ἐγράψατο

81 780 222 866 βόμενος
239 777 438 872 ὑποθέσεως
454 765 488 846 ei>
515 782 570 846 καὶ
616 773 833 863 ἀντωμόσατο
878 782 1035 868 Μέλητος
1070 777 1210 865 Μελήτου

82 883 174 968 μάλα
203 878 370 969 ἀνδρικῆς,
404 877 489 947 δπο-
515 879 669 959 Πιτθεὺς
690 881 859 967 Σωκράτει
873 887 1110 970 Σωφρονίσκου
1125 873 1211 946 Ἀλω-

85 990 226 1071 σπείρας
241 986 368 1071 γέλωτα
382 981 488 1050 καὶτδ
516 988 681 1072 πεκῇθεν·
720 978 858 1051 ἀδικεῖ
889 982 1124 1070 Σωκράτης,
1156 980 1211 1058 οὓς

85 1083 119 1151 ἐκ
140 1085 489 1173 τωνμέτρωναίμά-
517 1087 588 1171 μὲν
617 1082 638 1172 ἡ
671 1085 796 1162 πόλις
828 1085 991 1169 νομίζει
1022 1083 1148 1162 θεοὺς
1177 1075 1211 1149 οὗ

85 1189 248 1270 λον,...
271 1191 405 1273 πρῶτον
430 1187 491 1270 μὲν
518 1187 714 1271 νομίζων,
739 1186 858 1275 ἕτερα
882 1184 1212 1270 δὲκαινὰδαιμό-

85 1288 260 1380 ἐξέπληξεν
287 1286 306 1377 η
332 1288 491 1376 κωμῳδία
518 1317 584 1358 νια
608 1287 914 1378 εἰσηγούμενος·
938 1283 1077 1355 ἀδικεῖ
1099 1288 1213 1355 δὲκαὶ

83 1394 150 1459 κτλ.
517 1391 613 1469 τοδς
641 1396 759 1468 νέους
788 1390 1069 1479 διαφθείρων.
1103 1398 1214 1478 τίμημα

518 1485 692 1570 θάνατος’.

83 1599 121 1664 V.
138 1599 169 1662 h.
186 1597 243 1679 XI,
262 1601 315 1660 10:
333 1588 492 1670 ...οὗτος
517 1586 1216 1684 ΙΙ,20;ΚαὶἉριστοφάνηςαάτὸνκω-

85 1697 121 1762 δὲ
165 1692 182 1762 δ
220 1694 492 1783 Πολυκράτης
517 1688 1217 1783 μηιδεῑιδςτδνῆττωλόγονκρείττω

84 1803 287 1885 (praeceptor
320 1799 376 1864 ille
409 1799 492 1864 Zoili
519 1801 730 1862 ποιοῦντα.
759 1795 897 1883 καὶγὰρ
920 1802 1064 1884 πρῶτος,
1088 1791 1220 1886 ιδ’ςφησι

85 1895 493 1985 Αωρδίροίίίοε)καὶτην
522 1903 769 1983 Φαβωρῖνος
792 1896 831 1964 ἓν
847 1900 1101 1987 παντοδαπῇ
1118 1901 1222 1966 ἱστο-

85 1998 493 2086 κατηγορίανὲγραψε
519 2005 603 2087 ρίηι,
626 1996 710 2082 μετὰ
733 2002 792 2065 τοῦ
812 2005 969 2089 μαθητοῦ
983 2001 1150 2085 Αἰσχίνου
1172 2002 1224 2090 ῥη-

85 2099 158 2188 την
193 2098 297 2166 κατὰ
329 2099 492 2186 Σωκρά-
519 2099 665 2186 τορεύειν
688 2099 828 2178 ἕδίδαξ.

85 2228 188 2281 τους.
520 2203 608 2269 Stcb.
624 2202 801 2298 flor.J1XV,
816 2206 850 2270 8:
870 2209 1131 2291 Φαβωρίνου.
1151 2201 1228 2273 Ἱκα·

520 2302 577 2370 νδν
598 2303 658 2386 μὲν
674 2299 731 2368 οίνν
746 2303 828 2380 ἰὀως
845 2307 899 2371 καὶ
916 2303 953 2371 τδ
969 2309 1028 2393 της
1044 2301 1170 2392 ὂψεως,
1193 2301 1229 2373 ἀν

519 2430 555 2492 γε
570 2401 586 2472 δ
600 2403 700 2481 καλδς
711 2407 767 2470 καὶ
780 2406 879 2489 αίμό
889 2407 907 2470 λ
917 2432 958 2484 ος
973 2394 992 2471 ν’
1006 2410 1063 2474 καὶ
1075 2409 1230 2488 λεκτικός.

171 2544 239 2608 Iam
255 2565 286 2609 u.
299 2542 330 2608 h.
346 2543 387 2628 Il,
406 2546 455 2627 13,
476 2542 562 2626 quod
577 2548 673 2626 caput
687 2542 846 2608 Fauorino
866 2543 976 2610 deberi
993 2550 1234 2630 comparatione

86 2645 232 2728 proxime
254 2647 398 2711 instituta
419 2645 577 2729 apparuit,
601 2645 678 2726 quin
701 2663 742 2709 ex
764 2647 998 2713 commentariis
1020 2647 1174 2715 haustum
1196 2652 1236 2718 sit

88 2765 153 2811 non
174 2752 223 2811 est
244 2746 387 2813 dubium.
421 2747 548 2812 Etenim
571 2766 642 2811 cum
666 2750 772 2811 cetera
786 2746 937 2812 lemmata
952 2749 1062 2814 uariae
1078 2749 1236 2818 historiae

88 2847 131 2912 ad
158 2848 303 2914 sedatum
330 2869 431 2932 genus
461 2846 621 2914 scribendi
645 2848 772 2913 cmninc
796 2867 949 2932 expressa
971 2851 1049 2934 sint,
1078 2851 1237 2920 Aelianus

88 2947 150 3015 hcc
172 2949 243 3016 loco
266 2953 411 3016 oratione
433 2950 587 3016 altissime
610 2950 724 3031 euolat,
748 2948 830 3015 adeo
853 2949 886 3012 in
901 2951 1096 3017 anacolutha
1112 2960 1238 3021 cetero·

89 3051 167 3134 quin
194 3053 290 3119 anxie
318 3055 421 3118 uitata
449 3052 610 3134 delapsus.
656 3049 742 3126 Quid
769 3050 898 3116 tandem
929 3053 997 3118 eius
1025 3055 1171 3119 animum
1196 3057 1239 3123 ad

89 3152 171 3218 hanc
205 3155 411 3221 uiuacitatem
439 3152 591 3238 impulit?
635 3152 721 3216 Num
749 3152 865 3218 ardens
894 3152 1036 3220 Socratis
1067 3155 1240 3222 studium?

88 3255 190 3320 lmmc
204 3275 282 3321 uero
297 3263 416 3340 auctor,
432 3256 573 3337 inquam,
590 3272 685 3336 quem
699 3260 826 3320 secutus
842 3261 899 3337 est,
917 3255 1113 3340 Fauorinus3
1138 3279 1238 3341 quem

90 3358 233 3422 oratione
256 3360 391 3425 uolubili
407 3363 439 3424 et
454 3357 612 3421 concitata
625 3356 798 3439 plurimum
813 3357 954 3423 ualuisse
970 3363 1133 3439 constan).
1169 3361 1239 3428 Sed

90 3460 185 3540 enim,
209 3478 278 3523 cum
302 3459 330 3523 is
352 3459 385 3521 in
408 3459 578 3540 omnigena
600 3456 734 3522 historia
755 3458 896 3543 quidem,
919 3465 954 3525 ut
976 3460 1114 3541 inlibrc
1130 3463 1175 3528 ad
1191 3465 1241 3528 in·

90 3558 197 3624 dicum
219 3559 462 3624 similitudinem
486 3559 692 3642 conformato,
715 3578 766 3625 res
787 3560 963 3628 narrandas
986 3561 1051 3628 late
1067 3568 1099 3628 et
1115 3563 1236 3631 diffuse

90 3665 259 3726 exsecutus
289 3680 359 3726 esse
386 3661 645 3743 celeritatemque
669 3661 840 3743 eloquendi
863 3663 1014 3730 incitasse
1036 3685 1100 3731 ncn
1121 3672 1240 3750 putan-

91 3760 150 3826 dus
172 3762 222 3846 sit,
246 3760 287 3827 de
311 3763 434 3845 origine
457 3763 519 3828 lcci
543 3782 584 3828 ex
605 3763 704 3828 uariis
726 3763 816 3827 allati
840 3766 1017 3847 cogitantes
1040 3766 1083 3832 ad
1099 3769 1240 3834 alterum

177 3965 200 4026 l)
219 3960 301 4016 Velut
319 3961 389 4016 conf.
409 3962 484 4016 Stob.
503 3962 562 4017 flor.
581 3964 665 4030 LXV,
684 3969 707 4032 8,
727 3965 780 4034 CV,
799 3967 840 4028 62,
859 3963 959 4036 XLIX,
978 3972 1019 4024 48.
