2714 4500
103 174 142 231 86
525 184 526 187 ’
564 173 641 228 Felix
659 172 786 243 Rudolph

103 346 245 413 colonias
267 344 309 410 ad
332 347 453 411 nullum
475 346 573 413 alium
595 345 690 411 finem
717 347 779 412 nisi
801 345 842 410 ad
866 345 1053 429 elephantos
1080 335 1227 435 uenandi·s

103 450 319 529 deduxerunt3
349 447 435 531 quod
457 446 692 532 Philadelphus
714 445 872 513 Stratonis
894 447 1126 532 Theophrastei
1146 442 1236 513 dissil'

101 552 196 637 pulus
217 549 310 615 India
332 555 424 615 tenus
447 550 569 632 legatos
593 550 694 631 misit,
724 550 778 632 qui
802 569 873 615 oum
895 549 935 615 de
959 550 1145 616 oommeroio
1166 539 1249 631 agl}

101 657 172 716 rent
193 658 258 716 tum
271 671 323 716 res
338 671 359 716 a
373 657 486 716 natura
507 651 696 717 mirabiliter
718 651 929 717 conformatas
950 651 1093 735 undique
1116 659 1206 733 oonq
1213 639 1263 692 *Ψ

101 753 179 819 sitas
194 752 424 818 Alexandriam
438 751 681 834 adueherent¹);
706 751 792 835 quod
814 752 901 818 idem
923 752 1090 819 thesauros
1112 736 1277 818 musal·

101 856 203 920 lorum
217 874 276 938 per
290 855 456 920 oonolauia
470 854 579 938 regiae
596 854 772 938 peculiaria
795 853 934 920 habebat
949 853 1121 939 dispositos
1132 857 1162 933 ¹).
1192 821 1282 920 ἢ

100 957 249 1040 Aegypto
271 961 306 1020 ut
329 976 368 1022 ex
391 957 478 1021 fonte
502 955 721 1039 copiosissimo
744 955 865 1020 multae
887 954 1073 1023 historiolae
1088 941 1282 1023 absurost

99 1077 158 1141 per
186 1058 294 1123 orbem
323 1064 478 1123 terrarum
506 1056 626 1123 effusae
655 1063 736 1123 sunt.
778 1055 886 1121 Veluti
908 1059 1004 1122 etiam
1025 1044 1282 1143 physiologi

100 1159 154 1241 qui
179 1159 262 1224 liber
283 1159 323 1225 de
346 1159 594 1244 proprietatibus
621 1158 795 1224 bestiarum
818 1160 1012 1242 compositus
1035 1165 1067 1225 et
1088 1160 1192 1245 poetis
1213 1158 1282 1224 V

99 1260 373 1343 praedicatoribus
394 1262 477 1326 aeui
496 1260 594 1326 medii
623 1279 764 1325 summae
792 1261 923 1326 utilitati
950 1269 1032 1343 erat,
1062 1263 1104 1327 ob
1127 1255 1282 1347 gloss&

98 1367 184 1426 mata
207 1361 341 1445 Coptioa
367 1363 449 1429 inter
476 1362 645 1427 uerborum
668 1367 852 1427 oontextum
880 1363 1068 1446 interposita
1097 1364 1173 1430 inde
1199 1361 1282 1430 esi

98 1464 262 1530 ducendus
273 1467 305 1541 ll.

183 1567 226 1630 At
248 1584 397 1647 quorsum
422 1564 527 1631 haee?
565 1565 734 1649 Vituperes
761 1585 828 1649 me,
859 1565 944 1648 qnod
973 1563 1137 1649 digressus
1166 1587 1282 1648 sum<

98 1665 271 1731 dummodo
294 1685 357 1748 quo
379 1668 481 1749 magis
504 1667 652 1749 quodque
681 1667 830 1733 uolumen
859 1673 1003 1732 ueterum
1031 1668 1072 1733 de
1100 1668 1241 1733 animali-
1264 1688 1282 1702 ³

97 1767 157 1833 bus
173 1774 229 1848 est,
254 1786 291 1832 eo
314 1767 513 1850 probabilius
536 1769 578 1833 ad
601 1769 740 1858 origines
762 1768 917 1851 quasdam
932 1769 1111 1853 Aegyptias
1134 1769 1243 1836 referri

98 1867 264 1933 ooneedas.

181 1970 251 2033 Iam
276 1970 405 2035 Aeliani
435 1968 568 2037 historia
596 1972 798 2054 animalium,
827 1972 861 2036 in
890 1991 985 2054 quam
1015 1971 1133 2038 eadunt
1160 1992 1242 2056 quae

96 2072 241 2155 proxime
263 2071 453 2137 adumbrata
478 2079 565 2155 sunt,
597 2093 668 2139 eum
697 2072 776 2138 mihi
806 2072 935 2156 quidem
966 2075 1144 2157 composita
1174 2094 1241 2141 esse

38 2244 40 2248 ¹
95 2172 243 2238 uideatur
266 2192 307 2238 ex
329 2174 420 2239 libris
443 2174 577 2257 singulis
600 2174 641 2240 de
663 2176 814 2259 piscibus
839 2175 879 2239 de
903 2172 1096 2259 elephantis,
1120 2175 1162 2242 de
1185 2177 1240 2243 oir-

38 2268 41 2345 ἶ
95 2276 425 2358 oumnauigationibus
448 2258 480 2341 et
501 2277 599 2342 Maris
620 2277 722 2342 Rubri
745 2282 776 2342 et
798 2277 892 2341 Ponti
910 2275 1039 2359 Euxini,
1064 2296 1105 2342 ex
1121 2277 1239 2344 Indiois

95 2375 286 2458 quibusdam
309 2381 340 2442 et
362 2376 509 2459 Lybieis,
533 2377 671 2460 denique
695 2398 735 2443 ex
758 2397 855 2462 opere
878 2377 1017 2460 quodam
1038 2398 1098 2461 per
1119 2379 1239 2445 litteras

36 2484 40 2543 ἕ
94 2479 335 2561 generatimque
355 2477 397 2543 de
419 2479 530 2544 bestiis
554 2481 749 2563 oonsoripto,
773 2481 868 2562 quale
890 2479 925 2544 id
948 2486 1016 2545 erat
1038 2480 1125 2563 quod
1148 2479 1237 2546 Philo

36 2592 39 2645 i
94 2578 229 2662 Byblius
251 2579 328 2664 περὶ
352 2577 545 2663 παραδόξου
570 2579 719 2662 ἱστορίας
741 2582 946 2666 inseripsitll,
972 2583 1149 2664 permultas
1171 2602 1236 2648 nar·

37 2718 39 2723 ·
94 2681 234 2746 rationes
263 2681 360 2746 etiam
389 2682 508 2766 apertis
538 2688 702 2748 auctorum
724 2682 957 2766 Aegyptiorum
985 2681 1115 2750 indioiis
1144 2683 1237 2750 babet

38 2765 41 2779 '
95 2780 276 2864 adspersas.
311 2781 407 2848 Cuius
424 2784 470 2849 rei
485 2790 520 2849 ut
535 2785 658 2866 aliquot
672 2784 822 2868 exempla
844 2783 986 2866 afferam,
1009 2791 1119 2850 narrat
1133 2786 1235 2851 Aelia·

94 2902 153 2948 nus
176 2882 208 2947 in
232 2881 262 2946 h.
279 2902 307 2947 a.
324 2883 387 2966 ΠΙ,
404 2886 444 2948 34
473 2906 570 2952 eornu
592 2887 685 2950 trium
707 2885 932 2968 amphorarum
955 2884 1173 2971 Philadelpho
1200 2907 1236 2953 er

93 2982 186 3049 India
211 2984 343 3050 missum
366 3004 451 3069 esse;
481 2987 514 3051 in
536 2986 626 3070 XVI,
644 2988 683 3050 39
712 2993 744 3052 et
773 2987 879 3053 eidem
907 2993 939 3052 et
959 2984 1141 3071 Euergetas
1170 2988 1234 3055 dra·

94 3106 190 3152 eones
218 3086 310 3152 uiuos
340 3106 381 3153 ex
409 3086 583 3172 Aethiopia
610 3088 840 3155 Alexandriam
871 3107 941 3154 esse
971 3088 1175 3175 deportatos;
1207 3093 1236 3156 in

93 3188 151 3273 XI,
168 3191 208 3251 25
230 3189 353 3270 pullum
369 3186 606 3273 elephantinum
622 3190 805 3256 Ptolemaeo
821 3190 913 3255 alteri
929 3190 1013 3257 dono
1036 3189 1148 3257 datum
1171 3211 1235 3260 esso

94 3308 240 3355 sermone
256 3288 380 3356 Graeco
404 3289 578 3373 eruditum3
601 3293 634 3355 in
651 3291 734 3374 VIII,
752 3296 770 3354 4
794 3291 996 3358 Ptolemaeus
1019 3293 1154 3376 quidam
1174 3315 1235 3362 oro·

94 3391 208 3460 eodilis
224 3392 345 3457 oibaria
360 3392 488 3457 obieere
506 3393 618 3458 solitus
641 3413 711 3458 esse
733 3393 847 3473 fertur3
872 3400 1039 3459 ooeurrunt
1062 3395 1236 3463 identidem

92 3490 221 3557 tabulae
243 3494 475 3577 Aegyptiorum
498 3494 680 3577 populares,
703 3495 791 3558 utin
814 3493 855 3578 X,
872 3496 912 3557 25
936 3493 977 3559 de
998 3494 1235 3584 Cynoprosopis

92 3591 291 3677 bominibus,
321 3596 376 3678 qui
404 3595 438 3659 in
467 3593 601 3661 desertis
630 3597 712 3661 inter
740 3594 850 3662 Oasim
879 3602 911 3660 et
932 3596 1142 3683 Aethiopiam
1172 3601 1235 3668 sitis

180 3830 205 3891 t)
222 3825 331 3898 Panly's
344 3827 471 3882 Realono.
484 3827 523 3883 VI
540 3845 566 3898 p.
581 3834 637 3884 199,
708 3833 733 3888 2]
753 3828 846 3894 carus,
866 3828 1030 3884 Geschiohte
1048 3831 1098 3887 der
1113 3834 1236 3906 Zoologie

92 3927 119 3980 p.
133 3913 189 3965 142.
259 3914 284 3975 3)
302 3911 375 3966 Suid.
395 3927 417 3966 s.
429 3929 457 3966 n.
471 3911 653 3982 Παλαίφατος.
679 3912 781 3968 Euseb.
794 3929 888 3983 praep.
902 3929 944 3968 eu.
958 3914 980 3982 Ι,
990 3919 1015 3982 9,
1026 3919 1059 3971 28
1070 3915 1153 3976 Dind.
