2714 4500
91 229 133 284 De
150 230 278 286 fontibus
296 230 393 299 quibus
406 231 536 287 Aelianus
552 232 581 286 in
598 232 676 287 uaria
688 231 800 287 historia
812 233 997 304 componenda
1009 249 1074 288 usus
1087 235 1130 288 sit.
1168 235 1207 292 59

64 404 158 468 etiam
187 402 325 486 Sopater
335 406 356 477 ¹)
385 409 417 468 et
439 402 612 487 Stobaeus,
643 405 867 489 compilatores
895 405 943 469 illi
970 407 1054 472 sexti
1076 408 1207 490 saeculi,

63 505 147 570 illius
174 504 321 588 uestigiis
347 503 562 571 inhaeserunt.
607 504 810 592 Quapropter
830 527 871 572 ne
892 506 1046 574 Aelianus
1069 508 1200 590 quidem

62 626 119 674 usu
141 605 297 672 Fauorini
320 606 512 673 abstinuisse
534 608 695 691 putandus
718 615 775 674 est.
812 609 910 675 Porro
926 608 1120 691 Alexander,
1143 611 1207 692 De-

60 708 203 791 metrius,
217 708 347 774 Diocles
361 713 534 793 propterca
551 709 636 791 quod
652 711 818 776 continuos
832 711 932 777 libros
947 710 988 777 de
1003 710 1205 795 philosophis

59 808 257 893 scripserunt
278 808 320 874 ad
342 809 483 876 indolem
507 813 616 877 uariae
639 811 793 878 historiae
815 812 918 878 minus
941 812 1106 879 accedunt.

143 909 283 994 Deinde,
306 912 334 976 si
357 912 537 978 etiamnunc
559 913 669 994 aliqua
690 913 847 979 dubitatio
869 914 903 978 in
924 915 1031 980 animo
1054 920 1108 979 tuo
1130 913 1208 980 resi-

58 1011 142 1096 deat,
166 1011 261 1096 haee,
284 1032 413 1097 quaeso,
437 1013 626 1080 contendas:

56 1132 93 1197 V.
109 1131 139 1197 h.
163 1132 223 1216 IV,
241 1134 275 1195 9:
597 1134 649 1197 Di.
665 1134 721 1199 La.
737 1133 863 1218 111,24:
880 1133 921 1199 de
930 1134 1078 1201 Platone:
1100 1126 1206 1211 Οὗτος

596 1236 731 1319 πρῶτος
761 1231 795 1299 ἐν
817 1231 977 1320 ἐρωτήσει
998 1234 1096 1320 λόγον
1118 1261 1208 1322 παρ-

596 1334 737 1422 ήνεγκεν,
761 1327 811 1412 τίς
834 1357 936 1423 φησι
960 1341 1207 1421 Φαβωρῖνος

597 1433 637 1501 ἒν
653 1430 778 1523 ὀγδόη
794 1437 1071 1524 παντοδαπῆς
1094 1438 1207 1504 ἱστο-

596 1543 699 1623 ρίας.
737 1539 953 1606 Subsecuntur
981 1541 1047 1606 alia
1075 1541 1206 1607 inuenta

146 1719 148 1724 Ι
595 1641 748 1707 Platonis.

53 1741 203 1807 Πλάτων
242 1735 259 1806 ά
299 1731 499 1827 Ἀρίστωνος
535 1738 569 1805 ἐν
596 1745 614 1818 ξ
637 1746 693 1806 25:
722 1739 855 1817 τούτου,
887 1743 969 1829 φησὶ
999 1741 1158 1829 Νεάνθης
1188 1738 1205 1809 δ

89 1835 262 1928 Ὀλυμπίᾳ
291 1840 533 1929 συνεσκηνωσεν
597 1841 785 1929 Κυζικηνός,
810 1841 858 1920 εἷς
869 1835 1036 1927 Ὀλύμπια
1055 1838 1207 1922 ἀνιόντος

56 1938 203 2030 ἀγνῶσιν
216 1935 426 2030 ἀνθρώποις,
441 1945 496 2010 καὶ
511 1936 569 2009 αὖ·
595 1941 673 2021 τοὺς
690 1936 849 2032 Ἕλληνας
872 1937 1024 2024 άπαντας
1047 1945 1208 2034 ἐπιστρα-

54 2043 115 2123 τδς
129 2034 177 2110 dio
195 2036 310 2121 αὐτοῖς
326 2037 441 2129 άγνιάς.
466 2037 570 2123 σάτως
597 2049 700 2133 φῆναι
723 2044 808 2134 πρὸς
825 2041 937 2114 αὐτόν·
961 2040 1014 2114 ὅτι
1028 2050 1084 2114 καὶ
1099 2054 1208 2115 Δίωνι

56 2147 96 2212 δὲ
128 2140 249 2223 αὐτοὺς
280 2144 478 2232 ἐχειρώσατο
514 2149 570 2213 καὶ
597 2148 748 2232 συνέμιξε
768 2150 923 2231 μέλλοντι
944 2148 1133 2235 στρατεύειν
1149 2148 1207 2216 ἐπὶ

56 2243 244 2336 ἀνεδήσατο
260 2251 298 2334 τη
313 2254 480 2336 συνουσίᾳ,
493 2271 569 2314 συν·
595 2248 784 2316 Διονύσιον.

56 2349 262 2434 εστιαίμενός
289 2374 326 2415 τε
349 2343 461 2428 αὐτοῖς
484 2344 568 2438 άφε-
597 2343 1207 2437 ἓνδὲτηλπριότηιτιῦνάπσμνη-

55 2454 126 2529 λῶς
158 2454 213 2518 καὶ
244 2451 506 2541 συνδιημερεύων
534 2450 568 2518 ἐν
594 2451 1207 2539 μονευμάτωνΦαβωρίνουφέ-

55 2556 177 2634 πᾶσιν,
190 2549 237 2631 ιῦς
247 2549 481 2642 δπερησθηναι
491 2552 568 2631 τοὺς
595 2579 713 2640 ρεται
734 2547 787 2620 ὅτι
802 2553 1022 2643 Μιθριδάτης
1037 2549 1055 2619 δ
1072 2557 1206 2642 Πέρσης

55 2655 172 2734 ξένους
200 2659 241 2742 τῇ
266 2659 326 2722 τοῦ
349 2649 468 2743 άνδρδς
491 2679 566 2723 συν·
594 2650 774 2738 άνδριάντα
789 2655 971 2734 Πλάτωνος
995 2650 1136 2721 άνίθετσ
1159 2655 1207 2733 εἰς

54 2763 156 2845 τυχίηι
177 2760 245 2824 κτλ.
594 2755 652 2845 την
665 2751 866 2844 Ἀκαδημίαν
879 2760 933 2824 καὶ
950 2756 1120 2846 ἐπέγραψε
1138 2761 1206 2825 κτλ.

144 2880 213 2944 Iam
235 2879 407 2962 Diogenes,
431 2878 690 2961 quandoquidem
713 2884 778 2944 tum
796 2899 868 2945 oum
884 2878 963 2945 haee
978 2880 1078 2945 uerba
1092 2880 1207 2946 litteris

56 2980 243 3063 mandabat,
266 2985 299 3046 et
322 2982 564 3046 commentarios
587 2987 619 3046 et
641 2982 843 3064 omnigenam
865 2980 1032 3048 historiam
1053 2981 1205 3046 Fauorini

55 3087 135 3148 ante
151 3083 259 3148 oculos
275 3080 424 3165 habehat,
449 3082 596 3148 etiamid
612 3082 698 3165 quod
713 3083 820 3148 medio
836 3084 907 3150 loeo
923 3089 1040 3165 narrat,
1064 3082 1205 3147 omnium

55 3185 183 3251 animos
204 3185 240 3249 in
255 3183 421 3250 Platonem
443 3184 537 3250 ludos
554 3183 722 3269 Olympios
737 3186 894 3251 uisentem
909 3203 1079 3252 conuersos
1095 3182 1204 3265 fuisse,

55 3287 103 3352 ab
126 3285 240 3352 eodem
264 3287 332 3351 sine
355 3286 453 3352 dubio
469 3291 629 3353 mutuatus
645 3293 701 3352 est.
736 3287 835 3352 Vides
849 3288 947 3369 igitur
962 3287 1095 3352 frustum
1111 3284 1204 3349 alter-

55 3388 161 3454 utrius
188 3387 358 3470 farraginis
379 3388 531 3455 Fauorini
553 3394 739 3471 argumento
762 3408 834 3453 cum
856 3389 992 3453 Aeliano
1016 3404 1204 3469 congruens.

146 3489 242 3568 Quod
264 3510 340 3555 uero
362 3490 515 3556 Aelianus
538 3491 707 3556 recentiori
730 3489 944 3573 sophistarum
967 3495 1091 3570 sectae,
1114 3488 1204 3555 ouius

54 3593 131 3658 sons
161 3597 193 3656 et
216 3599 312 3675 caput
332 3592 510 3658 Fauorinus
533 3592 662 3674 quidem
686 3598 769 3672 erat,
800 3597 831 3656 et
853 3592 923 3674 ipse
945 3590 1203 3657 adnumerandus
1294 3659 1296 3664 .

55 3697 167 3759 est-
183 3692 307 3759 scilicet
322 3693 471 3777 discipuli
488 3700 577 3758 erant
591 3694 745 3758 Fauorini
756 3692 902 3757 Herodes
913 3693 1047 3776 Atticus,
1064 3692 1203 3759 Herodis

44 3793 238 3879 Pausanias
254 3793 480 3876 Caesariensis,
503 3795 682 3860 Pausaniae
696 3795 849 3860 Aelianus
872 3816 929 3878 —3
954 3799 985 3859 et
1009 3794 1095 3876 quod
1117 3795 1203 3860 idem
1309 3849 1311 3854 .

53 3957 57 3964 '
148 3979 173 4041 η
191 3975 223 4028 In
240 3975 309 4032 nero
327 3976 406 4031 seruo
424 3975 544 4049 ιιιηαι
562 3974 711 4048 διαφόρω.
731 3976 764 4032 cf.
785 3977 863 4032 rna.
883 3977 947 4032 einr.
968 3978 1026 4032 cor.
1047 3977 1140 4031 onxr.
