2714 4500
114 239 153 294 De
167 238 295 295 lontibus
314 239 411 309 quibus
422 239 552 294 Aelianus
569 240 598 294 in
609 239 688 294 uaria
699 238 813 295 historia
826 239 1011 308 componenda
1023 254 1088 295 usus
1101 239 1143 296 sit.
1181 237 1220 297 95

82 429 155 478 [era
182 418 213 478 et
243 413 375 478 immota
398 418 471 478 sunt
493 431 575 495 quae
598 411 773 497 Gesner¹),
802 412 1036 494 Perizonius2),
1064 412 1225 496 Iacobs³),
1317 466 1319 473 ,

82 514 136 579 alii
151 515 192 580 ad
208 513 293 581 hano
307 535 376 581 rem
390 514 590 598 probandam
605 515 787 580 attulerunt.
824 515 993 597 Utrimque
1009 514 1122 579 eadem
1144 515 1225 580 ratio

82 617 238 682 rentiendi
261 623 293 682 et
314 617 487 700 indicandi,
514 616 602 682 idem
626 615 766 683 studium
788 623 920 682 naturae
943 635 1112 698 rerumque
1134 617 1226 681 mira·

82 719 200 801 silium,
225 718 340 784 eadem
358 720 552 804 superstitio,
577 717 690 784 eadem
713 718 870 801 uarietas;
893 719 1052 801 utrimque
1074 719 1226 783 narratio·

82 841 145 905 res,
168 821 197 887 si
211 841 275 886 non
290 840 394 905 pares,
417 826 451 886 at
467 825 553 886 oerte
567 819 760 902 simillimae,
781 820 915 886 eaedem
930 820 1143 904 proprietates
1158 839 1227 885 ora-

82 923 193 1006 ionis3
216 921 305 988 uelut
320 921 361 988 de
376 921 622 1007 parenthesibus
644 924 677 988 in
699 923 799 988 uariis
814 920 894 987 haee
909 922 1017 987 animo
1033 922 1227 988 obiciuntur:

82 1026 188 1108 7211:
219 1017 236 1087 δ
263 1026 402 1110 Θρᾳκῶν
428 1020 586 1107 βασιλεύς
614 1019 663 1102 (τὸ
689 1020 725 1087 δὲ
748 1017 854 1105 ὄνομα
878 1023 998 1107 λεγέτω
1023 1016 1133 1101 ἄλλος)
1157 1074 1164 1088 .
1189 1074 1197 1088 .
1221 1075 1228 1089 .

82 1138 150 1202 τοῖς
165 1126 288 1190 παισὶν
306 1120 407 1191 αὑτοῦ
423 1122 658 1208 συνεβούλευε.
676 1175 708 1188 ..
731 1125 818 1209 XIV,
835 1128 890 1190 43:
913 1119 930 1189 ὁ
947 1123 1006 1208 μὲν
1018 1123 1230 1208 Πτολεμαῖός

82 1248 186 1308 οασιν
209 1221 369 1306 (ὁπόστος
387 1225 423 1292 δὲ
437 1212 476 1313 ἦν
493 1219 597 1307 οὗτος,
621 1224 678 1291 ἐᾶν
694 1225 755 1304 δεῖ)
777 1229 929 1312 καθῆστο
948 1224 1004 1292 ἐπὶ
1025 1224 1139 1310 κύβοις
1154 1277 1162 1291 .
1179 1278 1187 1292 .
1204 1252 1229 1312 .;

82 1351 143 1396 am
158 1329 274 1395 uideas
290 1337 485 1414 quantopere
500 1331 540 1396 iis
557 1336 769 1396 consentanea
784 1330 847 1395 sint
868 1330 901 1393 in
924 1329 955 1394 h.
971 1350 1000 1395 a.
1016 1330 1070 1413 IV,
1085 1333 1103 1393 7
1120 1320 1229 1394 ἆκοίω

82 1429 135 1497 τὸν
159 1433 303 1496 Σκυθῶν
323 1432 466 1514 βασιλέα
489 1427 538 1512 (τὸ
563 1429 599 1495 δὲ
621 1425 727 1513 ὄνομα
750 1426 848 1506 εἰδιδς
870 1427 928 1494 ἑοῦ·
955 1434 990 1495 τί
1010 1428 1072 1517 γάρ
1094 1455 1153 1514 μοι
1174 1432 1229 1495 καὶ

82 1533 251 1609 λυσιτελές
273 1528 392 1615 ἐστινς)
418 1532 528 1598 ἵππον
551 1532 740 1597 σπουδαίαν
762 1529 847 1612 ἔχειν
870 1582 927 1597 ...
951 1534 984 1597 in
1007 1531 1037 1597 h.
1053 1554 1082 1599 a.
1095 1533 1181 1616 VIII,
1194 1537 1229 1600 4:

82 1635 297 1718 Πτολεμαίου
319 1628 480 1714 (ὁπόστος
503 1633 538 1699 δὲ
560 1619 599 1719 ἦν
618 1627 714 1710 οὗτος
737 1630 879 1710 ἐκείνους
901 1631 1031 1715 ἔρεσθε)
1053 1635 1231 1711 καλοῦντος

82 1735 137 1804 τὸν
161 1733 354 1823 πραότατου
375 1735 680 1826 τιῦνκροκοδείλων
703 1785 761 1800 ...
867 1728 869 1732 ’

167 1838 335 1906 Aeeedunt
356 1859 433 1906 uero
455 1841 521 1905 alia
542 1845 712 1905 momenta.
757 1840 900 1905 Primum
923 1840 1008 1905 enim
1031 1839 1128 1906 etiarn
1153 1845 1231 1906 tem-

82 1962 197 2028 porum
218 1943 300 2007 ratio
323 1948 461 2024 eonstat,
493 1943 521 2007 si
543 1941 674 2024 quidem
695 1942 818 2006 uariam
841 1940 1006 2008 historiam
1027 1943 1109 2009 inter
1130 1962 1231 2009 annos

82 2048 145 2108 200
163 2050 196 2109 et
209 2045 268 2107 231
282 2046 316 2123 4),
338 2042 505 2110 historiam
519 2043 705 2109 animalium
728 2049 800 2127 post
818 2063 936 2108 annum
954 2047 1013 2108 195
1024 2045 1047 2121 5)
1070 2045 1232 2112 eonfeetas

82 2165 156 2212 esse
172 2165 268 2229 supra
282 2145 426 2210 exseeuti
441 2164 559 2211 sumus.
593 2146 675 2210 Tum
691 2144 778 2227 quod
794 2146 821 2210 is
839 2147 894 2227 qui
916 2146 1033 2211 librum
1055 2146 1096 2211 de
1118 2152 1233 2212 natura

82 2249 258 2314 bestiarum
281 2247 408 2330 scripsit
436 2248 469 2311 in
491 2247 674 2331 Aegyptum
703 2247 764 2311 iter
791 2246 883 2329 feeit,
912 2266 952 2313 ne
975 2248 1135 2313 uariorum
1163 2248 1232 2330 qui·

82 2350 159 2416 dem
183 2356 293 2415 auotor
315 2369 335 2414 a
356 2350 471 2415 notitia
493 2351 561 2415 eius
584 2355 687 2414 terrae
710 2354 779 2413 erat
800 2348 935 2414 alienus.
971 2348 1055 2414 Nam
1077 2349 1232 2414 Aelianus

82 2453 118 2516 in
140 2472 170 2517 u.
188 2450 218 2515 h.
235 2452 276 2533 H,
290 2455 340 2534 41,
363 2452 418 2517 ubi
433 2452 596 2534 Myeerino
612 2469 653 2515 ex
668 2450 796 2516 oraeulo
813 2449 934 2515 editum
949 2468 1020 2515 esse
1042 2451 1133 2516 breui
1154 2451 1232 2534 fore,

82 2563 121 2618 ut
144 2559 334 2634 moreretur,
358 2552 561 2619 Athenaeum
572 2555 594 2626 ⁶)
618 2558 745 2618 secutus
766 2557 889 2635 narrat,
914 2553 944 2616 ei
967 2553 1096 2618 oraeulo
1117 2571 1234 2618 nomen
1274 2563 1276 2567 ’

83 2655 169 2721 Buto
191 2654 290 2720 fuisse
314 2654 355 2720 de
378 2674 435 2720 suo
458 2654 593 2721 addidit.
631 2654 754 2720 Eodem
774 2658 897 2737 spectat
920 2653 1007 2736 quod
1027 2673 1144 2720 nomen
1158 2654 1233 2720 Ale-

84 2755 242 2820 xandriae
265 2755 352 2821 urbis
379 2776 536 2839 nusquam
563 2756 752 2840 simpliciter
778 2755 944 2839 apposuit,
973 2755 1031 2822 sed
1061 2762 1092 2821 et
1121 2756 1174 2822 hie
1203 2762 1236 2822 et
1275 2831 1277 2835 ,

86 2859 155 2923 illie
169 2857 304 2923 similem
320 2858 354 2921 in
369 2856 499 2922 modum
514 2858 647 2924 eirouiit.
676 2857 839 2940 Leguntur
859 2857 943 2922 enim
965 2858 998 2921 in
1020 2877 1050 2922 u.
1063 2857 1094 2924 h.
1107 2859 1180 2941 XII,
1194 2863 1234 2924 64
1306 2857 1307 2860 ’

88 2960 188 3026 uerba
216 2954 249 3033 ἐς
276 2953 335 3043 τήν
357 2949 577 3044 Ἀλεξάνδρου
605 2955 705 3023 πόλιν
733 2953 792 3043 τὴν
817 2949 892 3021 κατ’
915 2956 1110 3044 Αἴγυπτον;
1138 2963 1236 3025 -in

88 3058 119 3125 h.
135 3081 164 3126 a.
180 3060 273 3145 1‚38:
298 3057 331 3122 ἐν
348 3061 388 3145 τῇ
402 3057 581 3147 Αἰγυπτίᾳ
597 3053 814 3145 Ἀλεξάνδρου
836 3057 953 3144 πόλεις
977 3062 1009 3126 in
1032 3062 1063 3126 h.
1075 3082 1104 3127 a.
1114 3062 1167 3146 VI,
1181 3067 1234 3127 15:

90 3157 122 3226 ἐν
137 3163 177 3247 τῇ
192 3155 414 3246 Ἀλεξάνδρου
429 3159 544 3247 πόλει;
568 3165 608 3228 in'
623 3162 654 3227 h.
669 3183 698 3227 a.
715 3162 772 3244 XI,
789 3165 844 3227 40:
868 3158 902 3226 ἓν
916 3163 955 3248 τῇ
969 3159 1068 3227 πόλει
1083 3164 1122 3249 τῇ
1139 3155 1235 3227 Ἀλε-

91 3259 253 3346 ξανδρέων
280 3266 321 3349 τῇ
348 3260 490 3351 μεγάλῃ
523 3265 557 3330 in
578 3263 610 3329 h.
632 3285 661 3330 a.
682 3262 775 3347 XVI,
792 3266 847 3328 39:
877 3260 911 3339 ἒς
937 3261 997 3350 τὴν
1017 3256 1235 3350 Ἀλεξάνδρου

91 3362 200 3430 πόλιν.
224 3401 266 3410 -
287 3365 491 3450 Castigantur
505 3373 637 3451 propter
651 3366 896 3449 impietatem'in
912 3365 943 3431 h.
955 3387 983 3432 a.
993 3366 1046 3449 VI,
1060 3369 1100 3430 40
1115 3368 1235 3452 Hippo,

91 3465 263 3551 Diagoras,
293 3469 515 3552 Herostratus;
544 3467 632 3554 apud
653 3466 787 3533 Suidam
808 3487 832 3533 s.
848 3487 879 3532 u.
896 3459 1088 3553 Ἐπίκουρος
1110 3469 1131 3534 b
1154 3475 1186 3534 et
1207 3489 1234 3555 e,

93 3588 174 3650 quse
188 3569 341 3635 lemmata
356 3590 397 3636 ex
411 3571 494 3636 libro
510 3571 638 3637 Aeliani
653 3569 733 3653 περί
747 3571 909 3654 προνοίας
931 3571 1084 3655 inscripto
1107 3579 1234 3655 sumpta

162 3740 185 3799 1)
203 3735 234 3789 In
245 3734 362 3804 prolegg.
373 3735 408 3791 ad
416 3737 559 3791 Aelianum
571 3734 699 3804 praefixis
709 3734 828 3790 eiusdem
839 3737 958 3791 auctoris
968 3736 1080 3791 editioni
1091 3753 1161 3806 qnae
1172 3754 1235 3807 pro·

93 3817 140 3873 diit
152 3818 334 3888 Tiguri15563
352 3821 486 3875 habentur
497 3821 578 3875 etiam
589 3821 618 3875 in
630 3820 663 3874 Δ.
674 3819 807 3874 Gronouii
819 3819 882 3874 edit.
892 3821 955 3875 hist.
964 3836 1017 3887 an..
1032 3820 1149 3877 Londini
1161 3829 1235 3879 1744.

161 3907 186 3968 2)
203 3903 236 3957 In
253 3904 339 3972 praef.
357 3907 394 3961 ad
411 3923 437 3960 u.
450 3906 477 3959 h.
495 3922 522 3975 p.
533 3904 656 3973 XXVsq.
675 3905 783 3959 Knehn,
861 3908 886 3972 3)
905 3905 994 3961 Praei,
1012 3908 1056 3964 ad.
1074 3907 1137 3963 hist.
1157 3924 1200 3964 au.

162 3991 186 4053 4)
203 3986 267 4055 Peg.
278 3991 292 4040 3
303 4004 360 4060 sqq.
423 4038 425 4043 ,
448 3995 472 4056 5)
490 3989 554 4058 Peg.
567 3993 649 4059 8sqq.
736 3993 761 4057 6)
780 3990 896 4060 Peg.13.
