2714 4500
163 189 183 244 4
552 191 554 194 ’
620 183 697 239 Felix
715 183 843 254 Rudolph

162 360 338 426 Philiscum
361 377 438 424 uero
461 377 519 442 per
540 357 655 422 Iuliam
677 359 844 440 Domnam,
868 357 1016 441 Septimii
1031 355 1146 422 Seueri
1168 377 1316 442 uxorem,

163 460 349 529 cathedram
377 457 607 525 Atheniensem
630 460 822 542 obtinuisse,
851 459 1040 542 Aspasium,
1068 458 1199 524 Aeliani
1225 459 1317 545 apud

162 563 355 630 Pausaniam
378 561 642 646 condiscipulum,
666 563 698 626 in
712 561 892 627 Alexandri
907 559 1019 626 Seueri
1035 561 1187 625 comitatu
1202 561 1315 644 fuisse,

161 666 333 732 Aelianum
355 664 459 748 ipsum
483 683 504 727 a
525 662 695 745 Pausania,
720 663 774 745 qui
797 663 856 729 suh
878 661 986 728 Marco
1008 660 1123 744 floruit,
1147 668 1218 727 arte
1241 662 1315 729 rhe-

161 769 263 834 torica
285 767 472 831 instructum
489 783 560 830 esse
576 784 616 829 ex
632 763 827 831 Philostrato
842 783 1016 848 apparere,
1039 783 1115 848 ergo
1133 761 1219 830 hunc
1236 785 1314 847 quo-

163 889 224 952 que
236 866 415 934 Alexandri
432 867 604 932 memoriae
619 868 800 933 necessario
816 865 1063 932 adscribendum
1079 886 1160 932 esse.
1184 866 1315 932 Deinde

162 970 205 1036 ad
227 968 423 1051 colloquium
446 974 602 1051 prouocat
624 968 710 1051 quod
732 967 962 1034 Philostratum
976 968 1144 1033 Lemnium
1168 966 1209 1032 de
1234 989 1315 1051 gyn-

163 1071 238 1138 nide
263 1068 402 1154 quodam
425 1070 618 1153 imperatore
640 1070 736 1136 modo
758 1077 883 1136 mortuo
907 1089 977 1136 cum
1000 1069 1136 1135 Aeliano
1160 1068 1315 1137 habuisse

163 1173 375 1240 Philostratus
387 1172 408 1248 ¹)
431 1171 522 1237 testis
545 1176 602 1236 est.
641 1171 810 1238 Concludit
832 1173 882 1237 uir
906 1170 1109 1237 doctissimus
1125 1168 1209 1236 hunc
1233 1193 1315 1256 gyn-

161 1276 227 1341 nim
262 1294 333 1341 esse
361 1271 590 1356 Elagabalum;
622 1273 730 1356 itaque
760 1274 930 1339 Aelianum
962 1279 1035 1355 post
1066 1278 1201 1338 mortem
1234 1275 1315 1356 eius,

161 1378 182 1442 i.
200 1398 227 1444 e.
242 1382 317 1461 post
338 1394 456 1440 annum
471 1375 533 1436 222
548 1373 670 1440 Romae
685 1381 847 1441 uersatum
863 1394 942 1441 esse.
977 1374 1120 1440 Eandem
1135 1395 1203 1441 rern
1220 1378 1316 1442 moli·

161 1485 211 1545 tus
233 1479 327 1544 tertio
350 1477 422 1542 loeo
443 1496 515 1542 eum
530 1496 571 1541 ex
587 1475 745 1543 Athenaei
761 1477 959 1543 sermonibus
975 1477 1207 1560 conuiualibus,
1232 1499 1316 1560 quos

162 1580 220 1644 sub
250 1579 376 1645 initium
404 1578 600 1662 principatus
630 1578 808 1644 Alexandri
837 1579 999 1645 confectos
1029 1598 1099 1644 esse
1128 1579 1314 1663 arbitratur,

161 1681 314 1747 nonnulla
335 1681 369 1745 in
392 1681 482 1745 uaria
505 1700 563 1745 sua
584 1681 745 1763 recepisse
769 1680 946 1756 ostenditfl)

246 1782 364 1848 Verum
387 1783 558 1848 artioribus
574 1780 653 1846 mihi
667 1781 783 1848 finibus
799 1783 899 1846 uitam
916 1782 984 1847 eius
1000 1780 1183 1846 describere
1198 1783 1316 1848 liceat:

132 1948 135 1953 ,
160 1883 304 1966 Mortuus
333 1889 401 1948 erat
431 1903 469 1948 eo
498 1903 582 1948 anno
605 1903 668 1965 quo
690 1884 903 1949 Philostratus
925 1883 1072 1966 uulgauit
1094 1882 1314 1967 sophistarum

125 1978 132 2037 s
160 1985 254 2067 uitas,
278 1985 311 2049 in
333 1982 481 2067 quibus³l
505 1983 546 2050 de
568 1984 705 2050 Aeliano
728 1982 809 2051 hae'c
832 1990 974 2051 exstant:
998 1981 1077 2066 ἐβίω
1102 1982 1138 2048 δὲ
1160 1979 1244 2068 ὑπὲρ
1268 1984 1313 2050 τὰ

125 2138 127 2147 r
162 2082 318 2170 ἑξήκοντα
346 2082 401 2172 ’ἐτη
431 2085 485 2150 καὶ
517 2081 670 2150 ἐτελεύτα
692 2076 749 2150 οὐκ
772 2083 829 2151 ἐντὶ
852 2091 964 2151 παισί.
1009 2087 1181 2154 Dedicauit
1202 2093 1313 2153 autem

163 2186 377 2255 Philostratus
400 2187 484 2255 hunc
506 2187 623 2255 librum
637 2189 777 2255 Antonio
794 2188 956 2255 Gordiano
976 2190 1022 2255 sio
1038 2190 1239 2272 inscriptum:
1264 2191 1312 2274 τῳ

166 2286 391 2374 λαμπροτάτῳ
413 2283 554 2376 ὑπάτῳ
572 2281 739 2375 Ἀντωνίῳ
762 2294 793 2354 Γ
791 2288 936 2374 ορὸιανῳ
959 2288 1106 2366 Φλαύιος
1124 2289 1314 2376 Φιλόστρα-

165 2415 232 2468 τος.
254 2392 365 2458 Finem
382 2413 459 2459 uero
475 2394 639 2478 prooemio
655 2391 705 2459 his
720 2394 829 2458 uerbis
844 2393 1008 2477 imposuit:
1024 2388 1061 2456 τὸ
1077 2390 1112 2455 δὲ
1125 2391 1313 2479 φρόντισμα

165 2495 272 2566 τοῦτο,
290 2487 405 2578 ἄριστε
422 2485 687 2573 dedendusne,
702 2494 758 2559 καὶ
773 2490 814 2557 τὰ
831 2486 919 2578 ὄχθῳ
936 2514 995 2557 ooo
1010 2506 1145 2577 κονῳιεῖ
1158 2497 1217 2580 τῆς
1231 2495 1311 2579 γνώ-

166 2618 238 2682 μης,
262 2586 376 2679 ὥσπερ
399 2590 416 2660 ὁ
440 2592 563 2681 κρατὴρ
586 2597 644 2680 τῆς
662 2589 789 2682 Ἑλένης
807 2607 879 2670 τοῖς
892 2593 1100 2679 Αἰγυνττὶοις
1115 2597 1309 2681 φαρμάκοις.

167 2694 293 2782 ’ἔρρωσο
326 2700 522 2784 ριοτσῳέτα.
574 2699 643 2764 Iam
672 2698 805 2764 duorum
840 2716 919 2779 quos
949 2696 1146 2764 Gordianum
1176 2702 1309 2783 gessisse

168 2805 292 2866 constat
322 2801 541 2866 consulatuum
571 2806 641 2866 nter
669 2820 689 2865 a
710 2798 906 2865 Philostrato
929 2799 1124 2883 significetur
1146 2823 1210 2867 non
1233 2801 1309 2868 diffi-

168 2904 228 2970 cile
252 2909 300 2968 est
322 2901 508 2968 diiudicata.
553 2903 652 2968 Iulius
676 2903 760 2968 enim
784 2901 1016 2984 Gapitolinusb
1039 2903 1213 2968 Antonium
1237 2904 1309 2970 Gor·
1335 2944 1340 2954 ·

168 3005 299 3071 dianum
321 3004 458 3088 primum
473 3003 570 3069 refert
585 3009 735 3088 praetura
751 3003 853 3068 nobili
868 3008 959 3086 gesta
974 3008 1048 3086 post
1063 3004 1309 3071 iurisdictionem

168 3108 367 3173 consulatum
390 3106 527 3189 primum
551 3106 660 3172 iniisse
683 3124 755 3170 cum
777 3104 916 3171 Antonio
940 3104 1117 3188 Caracalla,
1141 3108 1309 3173 secundum

169 3229 240 3274 oum
255 3206 452 3272 Alexandro.
489 3207 580 3273 Idem
588 3208 611 3284 ⁵)
635 3205 833 3272 Gordianum
849 3226 897 3272 ex
913 3208 1078 3273 consulatu
1095 3227 1190 3290 quem
1207 3211 1310 3293 egerat

170 3330 240 3375 cum
269 3307 331 3375 hoc
360 3309 505 3392 principe
534 3307 576 3372 ad
604 3309 863 3393 proconsulatum
884 3308 1013 3375 Africae
1042 3328 1083 3374 ex
1112 3316 1311 3379 senatuscon-

170 3412 252 3476 sulto
275 3412 405 3476 missum
429 3429 499 3475 esse
521 3411 611 3477 testis
635 3416 697 3491 est,
729 3408 762 3473 id
786 3409 872 3492 quod
894 3409 1012 3476 accidit
1033 3430 1116 3476 anno
1140 3410 1312 3488 anemos)

257 3597 280 3656 1)
298 3592 425 3648 Philostr.
445 3609 472 3648 u.
486 3609 506 3647 s.
520 3592 556 3658 II,
569 3597 609 3647 31.

256 3679 281 3741 2)
299 3676 389 3732 Praei
407 3678 443 3732 ad
460 3693 518 3733 uur.
536 3677 598 3732 hist.
617 3693 643 3746 p.
661 3677 753 3730 XXIII
764 3693 821 3748 sqq.
840 3677 946 3733 Knehn.
979 3677 1104 3731 Ceterum
1120 3677 1175 3732 iam
1193 3681 1312 3737 Valesius

170 3757 198 3814 in
209 3755 457 3818 ‘emendationibus‘
471 3763 531 3832 Vp.
545 3766 590 3816 121
600 3778 638 3832 sq.
659 3762 801 3817 Aelianum
814 3762 961 3818 Alexandri
977 3760 1145 3829 temporibus
1158 3766 1313 3837 assignauit.

256 3847 282 3908 3)
299 3844 335 3909 Π,
354 3849 394 3900 31.
465 3852 490 3912 ll
509 3847 592 3902 Gord.
611 3864 633 3902 o.
653 3848 700 3904 IV.
771 3852 795 3914 5)
814 3847 882 3904 Ibid.
901 3863 925 3902 c.
941 3846 976 3901 ΙΙ.

257 3933 281 3994 bl
300 3927 409 3998 Pauly’s
426 3930 596 4002 Realencyol.
616 3934 656 3985 III
674 3949 700 4002 p.
714 3937 772 3987 901.
