2714 4500
105 167 146 227 τυ
533 185 534 188 ¹
563 168 641 224 rem
658 166 786 237 suooipl

110 333 218 429 Ἄρεος
240 341 295 406 καὶ
310 330 452 425 ’Ἑρωτος
474 364 538 427 φο·
565 332 650 404 ἀλλὰ
667 341 713 424 τῷ
727 332 799 405 δντι
820 335 928 404 πάλαι
951 337 1163 418 αἰνίττεσθαι,
1182 328 1221 402 δτι

107 445 205 509 roim
221 439 411 508 αἰτιάσαιτο
432 435 472 507 άν
486 465 538 518 τις
564 438 602 517 δς
632 429 671 506 δν
702 433 885 527 ἀμύητος
918 441 986 505 καὶ
1024 432 1222 515 άτέλεστσς
1267 462 1269 515 ;

106 543 136 611 εἰ
157 542 201 630 μὴ
219 539 380 627 ὑπομένοι
396 537 537 632 ὁπλίτης
565 540 612 619 εἷς
633 534 746 608 Ἅιδου
771 533 941 629 ἀφίκηται,
967 538 1000 607 ἐν
1014 539 1222 629 βορβόρῳκελ·
1267 526 1269 541 ’

106 639 403 732 ἀνταγωνίσασθαι
414 637 472 732 ὑφ)
489 643 537 710 ἑνὶ
564 665 668 723 σεται,
691 637 709 708 δ
734 641 770 708 δὲ
790 646 1038 728 κεκαθαρμένος
1059 667 1095 708 τε
1112 645 1223 709 καὶτε·

104 751 301 834 τεταγμένος
332 749 421 831 θεῷ,
459 738 534 811 ἄλλ’
562 745 815 828 τελεομένας
829 743 933 811 ἐκεῖσε
949 737 1146 832 ἀφικόμενος
1158 741 1223 829 μετὰ

106 846 163 930 οὐχ
185 843 251 914 διτδ
275 860 346 924 τοῖς
369 845 464 933 δύοοἱ
562 849 655 912 θεῶν
678 844 813 934 οἰκήσει.
844 845 910 911 εἶσὶ
931 843 993 932 γὰρ
1017 845 1066 933 δή,
1090 847 1183 935 φασὶν
1200 843 1224 910 ot

563 950 642 1034 περὶ
664 945 725 1025 τὰς
747 945 890 1027 τελετάς,
917 946 1163 1036 ναρθηκοφόροι
1179 945 1224 1031 μὲν

564 1050 684 1116 πολλοὶ
706 1048 852 1133 βάκχοι
874 1047 911 1114 δέ
932 1072 968 1114 τε
990 1053 1125 1135 ιταῦρσι.
1155 1139 1158 1143 .

563 1153 967 1235 Voxssoaxetoooourrit
977 1153 1011 1218 in
1023 1153 1158 1219 conuiuii
1167 1169 1224 1236 pag.
1263 1154 1266 1159 ’

481 1307 482 1310 ,
548 1255 663 1344 θ218Β
679 1260 712 1320 et
725 1254 810 1339 legg.
826 1254 887 1320 VH
909 1275 940 1338 p.
959 1255 1064 1319 7901t.

189 1357 279 1436 Quae
300 1358 334 1422 in
349 1377 378 1422 u.
395 1355 426 1421 h.
445 1357 503 1438 III,
523 1361 561 1420 10
584 1362 656 1422 sunt
678 1356 854 1424 sententiae
876 1357 1080 1423 inueniuntur
1101 1357 1133 1420 in
1154 1370 1225 1422 eoru.

104 1481 157 1545 pp.
177 1460 309 1523 trena
326 1457 478 1524 et185A.

189 1560 347 1639 Quoniam
369 1561 415 1624 ita
437 1578 472 1626 se
493 1578 544 1624 res
567 1557 674 1641 habet,
698 1579 780 1641 quae
804 1560 836 1624 ll.
852 1560 885 1624 ll.
902 1561 1011 1626 uariae
1030 1559 1179 1626 historiae
1196 1553 1226 1619 de

104 1681 212 1728 amore
235 1661 431 1728 disseruntur
452 1661 521 1725 uiro
545 1658 672 1725 quidam
694 1660 890 1727 uindicanda
918 1665 991 1727 sunt
1013 1660 1155 1728 Platonis
1178 1663 1227 1724 stu·

105 1763 304 1843 diosissimo,
327 1762 468 1843 quinon
491 1760 586 1826 modo
609 1762 792 1846 sententias,
816 1762 874 1829 sed
897 1763 994 1828 etiam
1016 1762 1187 1829 looutiones
1206 1755 1228 1822 ei

103 1864 251 1948 proprias
265 1863 299 1926 in
314 1881 424 1928 suoum
441 1866 472 1927 et
487 1861 674 1944 sanguinem
690 1865 897 1947 conuerterit3
917 1884 1013 1947 quem
1027 1864 1126 1930 fuisse
1141 1859 1229 1928 Aelia·

103 1986 179 2031 num
194 1967 299 2048 ipsum
312 1981 515 2049 nequaquam
530 1961 707 2047 putandum
720 1970 777 2047 est,
793 1965 1054 2048 quandoquidem
1065 1963 1149 2032 huno
1159 1963 1230 2029 iliu

104 2067 250 2150 dialogos
273 2085 313 2130 ne
335 2064 529 2148 primoribus
552 2064 681 2147 quidem
703 2066 801 2133 labris
824 2067 968 2150 attigisse
984 2067 1111 2134 seimus.
1145 2065 1229 2130 lmmo

99 2161 222 2234 ‘thema
244 2168 351 2233 tritum
374 2172 496 2232 enatet
519 2186 684 2232 commune
707 2166 921 2250 sophistarum
938 2169 1180 2251 (recentiomm)‚
1199 2162 1230 2228 de

101 2290 164 2354 quo
179 2270 337 2335 Maximus
353 2268 470 2352 Tyrius
486 2266 562 2333 diss.
578 2267 858 2334 XXIV-XXVII
879 2269 1032 2353 disputat,
1055 2276 1091 2335 ut
1106 2265 1231 2336 Socratis

100 2372 134 2436 in
148 2373 281 2438 iuuenes
296 2389 437 2436 amorem
451 2368 619 2435 honestum
635 2376 842 2451 sanetumque
857 2370 955 2436 fuisse
971 2361 1231 2443 ostenderetur'¹l·

99 2472 193 2539 Nune
224 2492 300 2539 uero
330 2473 427 2538 etiam
454 2470 632 2537 Fauorinus
664 2472 697 2536 in
725 2491 763 2537 eo
792 2476 977 2554 argumento
1006 2478 1153 2538 uersatus
1181 2474 1233 2549 est3

101 2573 229 2657 scripsit
252 2574 338 2639 enim
359 2578 489 2639 auotore
505 2571 606 2637 Suida
627 2571 706 2656 περὶ
729 2569 925 2659 Σωκράτους
946 2573 1002 2636 καὶ
1024 2574 1084 2658 τῆς
1098 2564 1166 2638 κατ’
1187 2561 1234 2637 αὖ·

99 2670 158 2738 τὸν
181 2670 337 2757 ἐρωτικῆς
358 2676 480 2760 τέχνης.
524 2674 638 2755 Neque
658 2672 729 2739 fieri
750 2693 846 2757 posse
870 2676 1034 2758 existimo,
1064 2682 1100 2741 ut
1122 2675 1164 2742 de
1184 2673 1235 2740 Fa·

99 2775 212 2840 uorino
244 2776 372 2840 illorum
400 2775 529 2841 Aeliani
557 2775 741 2840 lemmatum
769 2781 898 2842 auetore
926 2776 993 2841 ulla
1026 2774 1184 2844 dubitatio
1210 2775 1236 2842 iu

101 2881 207 2941 mente
235 2881 291 2941 tua
318 2876 447 2943 residua
474 2876 531 2958 sit,
560 2878 589 2942 si
618 2877 719 2960 ipsius
741 2877 840 2943 uerba
861 2877 1040 2960 ordinetis,
1072 2879 1189 2962 quibus
1210 2895 1237 2944 se

100 2976 277 3061 spadonem
300 2996 369 3043 esse
393 2983 584 3059 conquestus
607 2984 670 3044 est:
699 2976 787 3044 Stob.
802 2976 870 3045 flor.
885 2979 999 3062 LXIV,
1016 2982 1072 3044 26:
1099 2983 1238 3063 Φαβω-

99 3081 221 3163 ρίνου.
251 3075 376 3154 Πάθος
390 3082 425 3142 τί
437 3101 497 3159 μοι
511 3081 703 3162 ττροσέττεσε
721 3080 760 3164 τῇ
778 3081 877 3164 ψυχῇ,
899 3080 955 3144 καὶ
977 3069 996 3144 δ’
1017 3104 1052 3145 τι
1072 3079 1135 3162 μὲν
1157 3079 1238 3146 ’ἑστιν

99 3171 157 3244 οὐκ
184 3174 280 3244 οἶδα·
314 3177 423 3266 ’έρωτα
451 3170 484 3243 δ’
510 3170 590 3244 αὐτὸ
621 3180 771 3264 λέγουσιν
799 3175 885 3246 εἶναι
916 3179 948 3245 οἱ
976 3185 1238 3269 μεμυημένοι.

96 3278 242 3363 βάσκανα
259 3279 378 3363 δαῖμον
400 3281 456 3345 καὶ
479 3273 641 3364 ἆλόμιστε,
664 3274 804 3346 ἀσθενεῖ
824 3279 1082 3367 προσελήλυθας
1105 3283 1237 3368 σώματι,

99 3384 212 3469 φέρειν
235 3403 273 3447 σε
293 3378 337 3468 μη
362 3379 542 3466 δυναμένῳ.
576 3378 752 3467 ἐξέσταμαέ
774 3405 829 3449 σοι
851 3382 985 3465 δαῖμον,
1009 3385 1238 3469 παραχωρῷ

98 3503 165 3547 σοι
186 3485 260 3568 τῆς
281 3481 426 3569 μάχης·
458 3475 527 3546 οὐκ
550 3481 637 3567 εἰμί
660 3505 727 3549 σοι
755 3482 1025 3573 στρατιώτης.
1069 3489 1163 3555 Patet
1184 3489 1237 3572 igi·

98 3590 148 3649 tur
171 3587 257 3650 etin
279 3585 339 3653 hoo
361 3585 513 3652 Fauorini
541 3591 573 3652 et
596 3586 683 3671 apud
704 3587 876 3652 Aelianum
904 3588 945 3655 de
973 3591 1135 3660 amoribus
1164 3597 1236 3656 tam·

99 3704 194 3767 quam
216 3686 257 3752 de
278 3687 455 3770 mysteriis,
481 3686 522 3753 de
543 3688 739 3754 amatoribus
760 3693 923 3772 tamquam
945 3689 986 3757 de
1013 3692 1235 3776 pugnatoribus

97 3787 166 3869 agi,
191 3788 354 3870 utriusque
376 3793 483 3854 autem
504 3788 567 3856 looi
590 3810 631 3856 ex
653 3789 796 3855 Platonis
819 3792 966 3859 conuiuio
990 3800 1150 3879 sumptum
1172 3810 1234 3860 esse

186 3922 212 3983 1)
229 3919 333 3972 Marres
351 3934 377 3986 p.
392 3922 432 3972 87.
