2714 4500
104 199 143 258 32
567 196 643 252 Felix
659 195 787 265 Rudclpb

102 371 225 455 ficauit3
249 371 335 454 quod
357 377 464 439 autem
482 370 599 438 Suidas
622 388 694 436 eum
715 366 940 453 peltylmcoov
964 369 1036 435 siue
1059 366 1243 455 μελίφθογ-

102 495 160 557 γοι
193 474 389 558 appellatum
419 492 490 540 esse
518 471 631 556 tradit,
666 470 779 537 eodem
806 475 944 554 spectat;
978 469 1024 536 ad
1059 470 1150 538 banc
1178 490 1242 538 uero

103 577 229 662 copiam
257 576 507 658 facultatemque
536 572 666 640 dicendi
693 571 841 638 nimirum
869 591 933 637 non
955 570 1168 656 Latinorum,
1196 570 1244 640 sed

103 677 297 745 Graecorum
319 677 509 760 scriptorum
531 675 669 741 lectione
692 679 724 739 at
745 692 804 739 usu
826 672 988 756 peruenit;
1011 674 1147 741 accedit
1169 671 1244 757 quod

103 781 281 847 Pausaniae
311 777 528 845 Caesariensis
538 779 576 858 ¹),
610 774 773 860 sophistae
803 773 937 857 Graeci,
970 773 1033 840 fuit
1061 774 1244 862 discipulus,

104 881 241 949 Herodis
263 880 361 946 Attici
383 877 572 961 admirator,
597 884 628 943 et
650 875 738 959 quod
759 875 971 942 Philostratus
994 877 1028 941 in
1052 876 1245 945 Graecorum

103 982 265 1049 rhetorum
294 981 369 1047 uitis
399 979 439 1045 de
468 998 506 1046 eo
535 979 699 1062 exposuit,
729 977 869 1044 Graecus
897 975 1043 1062 sophista
1066 985 1100 1045 et
1126 998 1198 1048 esse
1218 985 1245 1046 et

105 1083 215 1151 haberi
237 1083 352 1149 uoluit:
378 1080 572 1148 Graecorum
594 1078 758 1146 bominum
780 1078 920 1146 studium
935 1078 968 1143 in
983 1098 1022 1146 eo
1039 1082 1245 1166 conspicuum

106 1191 168 1269 est,
197 1183 256 1251 hos
284 1185 423 1251 maxime
453 1203 474 1248 a
495 1202 530 1248 se
552 1182 653 1247 amari
676 1186 786 1265 aperte
808 1180 972 1264 profitetur
981 1182 1020 1265 3)·
1052 1180 1244 1250 Graecarum

105 1288 271 1354 mulierum
292 1285 441 1352 laudibus
463 1304 504 1350 ne
526 1283 604 1367 quid
626 1281 788 1366 debehat,
816 1283 849 1347 in
871 1283 1023 1350 Romanis
1046 1284 1244 1352 celebrandis

103 1389 232 1456 modum
261 1388 322 1455 sibi
345 1387 508 1454 constituit
518 1387 556 1470 3);
586 1384 726 1451 Graecos
755 1383 834 1450 deos
862 1384 990 1450 inuocat
999 1387 1041 1469 ⁴)
1072 1385 1244 1453 Hieronem

104 1512 174 1557 cum
203 1487 384 1577 φιλέλληνα
411 1489 555 1573 appellat
542 1486 741 1553 teruditum
769 1485 867 1551 fuisse
896 1484 1020 1570 dicitu,
1052 1487 1244 1555 Graecorum

103 1592 222 1659 iudidio
251 1590 370 1658 luctum
399 1610 461 1674 quo
484 1587 669 1655 Alexander
689 1586 963 1670 Hephaestionem
990 1596 1155 1655 mortuum
1177 1610 1242 1674 pro·

104 1700 230 1761 secutus
258 1698 307 1758 est
334 1694 502 1768 metiturss).
546 1690 619 1755 Non
647 1690 745 1772 igitur
773 1707 848 1754 casu
876 1688 1071 1756 factumest
1099 1691 1135 1757 id
1163 1689 1242 1775 quod

104 1814 200 1878 supra
222 1793 369 1876 diximus,
394 1812 467 1858 eum
489 1811 548 1857 nec
562 1791 725 1857 Valerium
748 1791 922 1856 Maximum
942 1809 1002 1857 nec
1024 1791 1168 1858 Plinium
1188 1811 1241 1858 nec

105 1895 244 1962 Gellium
270 1895 494 1978 exscripsisse,
519 1913 613 1977 quos,
643 1898 678 1957 ut
700 1898 845 1958 auctores
868 1892 931 1976 ipsi
952 1893 1240 1961 accommodatissi-

104 2010 188 2081 mos,
218 1998 245 2064 si
273 1996 440 2062 consilium
468 1993 634 2060 habuisset
662 1994 785 2059 litteras
811 1993 1024 2076 popularium·
1039 2013 1170 2060 suorum
1191 1993 1241 2061 ad·

106 2098 210 2184 eundi,
232 2100 266 2164 in
289 2096 491 2182 compilando
514 2096 570 2162 uix
592 2096 695 2178 potuit
716 2094 899 2178 praeterire.

661 2267 688 2329 3.

187 2387 258 2471 Age
286 2406 362 2452 uero
386 2405 458 2452 cum
478 2385 577 2451 libros
599 2384 640 2449 ab
655 2383 790 2449 Aeliano
814 2385 980 2466 excerptos
1003 2401 1109 2464 neque
1131 2382 1238 2448 adres

103 2494 264 2558 Romanas
286 2490 419 2554 multum
440 2487 631 2573 pertinuisse
653 2503 757 2567 neque
779 2483 903 2567 Latine,
927 2481 985 2548 sed
1002 2481 1126 2550 Graece
1149 2484 1238 2551 fuisse

105 2593 297 2676 compositos
330 2589 482 2657 didicisse
512 2587 698 2670 uideamur,
732 2603 922 2667 quaeramus
952 2603 1035 2666 quae
1065 2592 1245 2702 teman

105 2700 266 2760 momenta
288 2712 344 2777 per
372 2692 495 2757 uariam
517 2689 683 2755 historiam
705 2683 991 2770 deprehendantur
1037 2684 1218 2769 Legimus
1210 2705 1238 2750 m

104 2795 177 2879 XII,
201 2798 241 2858 25
265 2794 477 2859 emolumento
499 2792 596 2856 fuisse
618 2789 825 2875 Apollonmm
841 2785 996 2869 (liceronI,
1019 2786 1142 2853 Areum
1163 2788 1241 2854 Mae·

106 2897 219 2980 cenati,
242 2894 482 2961 Athenodorum
503 2892 657 2976 Augusto.
701 2888 863 2971 Eiusdem,
886 2887 948 2952 nisi
970 2887 1065 2953 fallor
1072 2938 1081 2971 ,
1105 2888 1241 2956 Atheno-

105 3001 174 3067 dori
208 2998 289 3064 libro
322 2994 402 3078 περὶ
432 2991 580 3077 σπουδῆς
612 2991 665 3056 καὶ
700 2988 840 3064 παιδιᾶς
871 2989 1024 3072 inscripto
1052 2989 1243 3075 assignanda

105 3109 176 3170 sunt
205 3118 287 3184 quae
316 3099 349 3163 in
376 3097 449 3180 XII,
475 3100 512 3159 15
542 3095 583 3161 de
603 3092 748 3176 Archyta
769 3089 940 3157 Tarentino
969 3096 1139 3157 narrantur
1149 3093 1183 3173 3).
1211 3125 1242 3138 -

191 3265 406 3330 Itilrraueruut
424 3261 580 3316 Perizonius
602 3264 630 3315 et
618 3257 795 3314 tlacobsius
816 3255 845 3310 in
869 3255 1086 3324 praefationibus
1104 3258 1245 3315 Aelianum

107 3351 257 3406 auditorem
275 3348 358 3404 inisse
377 3346 479 3418 opinati
497 3346 554 3401 eius
566 3342 718 3400 PausanIae
736 3342 812 3398 euius
830 3340 1036 3409 descriptionem
1052 3341 1190 3400 Graeciae
1201 3345 1245 3399 ba·

107 3437 207 3492 bemus
234 3433 303 3490 Nam
316 3433 445 3488 Aelianus
465 3425 1284 3509 etsiinu.hXH,61penegetamlaudattdeserGraec.

6 3526 9 3533 ’
105 3520 179 3585 VIII,
199 3525 239 3585 36,
258 3523 298 3587 6),
321 3533 352 3572 eo
377 3531 463 3585 neque
481 3529 546 3570 usus
570 3518 612 3568 est
630 3526 715 3581 neque
739 3510 846 3567 omnino
864 3506 970 3577 ingenio
989 3508 1047 3564 eius
1066 3509 1166 3570 similis
1184 3518 1246 3570 erat.

106 3603 206 3658 Verum
223 3602 405 3658 Philostratus
423 3600 584 3656 Pausaniam
601 3597 708 3652 Aehani
725 3597 927 3666 praeceptorem
945 3592 1031 3648 subse
1049 3596 1171 3662 prodens
1189 3599 1250 3655 dicit

107 3687 240 3743 rhetorem
260 3687 335 3741 illum
354 3685 570 3753 Caesariensem,
594 3698 656 3739 cum
673 3679 828 3751 praesertim
846 3694 894 3749 pro
912 3678 1001 3734 indole
1019 3677 1141 3738 uitarum
1161 3684 1250 3754 sophi·

107 3776 210 3826 surum
227 3771 371 3826 oratoriam
386 3770 581 3825 iustitutionem
598 3766 741 3835 intellegat.

193 3859 218 3921 a)
236 3856 269 3910 v.
283 3856 309 3910 1.
329 3853 377 3923 111,
390 3858 430 3908 aa.
500 3851 667 3919 arxivms.
737 3854 761 3913 ιι
780 3849 946 3917 11,1,11,ι.
1018 3849 1113 3918 erili,
1134 3859 1158 3908 1.

191 3943 217 4003 ct
234 3940 295 4005 vn,
313 3944 337 3993 s.
408 3944 433 4003 r)
451 3937 547 3991 Athen,
564 3935 618 3989 ΧΠ
635 3950 662 4004 p.
682 3933 762 3990 ereb.
867 3982 870 3988 .
