2714 4500
99 160 138 218 22
557 157 636 214 Felix
653 157 791 237 Rudolph

99 339 156 415 est,
173 332 316 399 Corinthi
332 332 461 415 quidem
477 331 668 415 DIonysium
684 331 827 396 exsulem
843 329 979 413 degisse,
1000 328 1090 413 quod
1106 329 1141 394 in
1156 327 1199 410 X,
1215 333 1240 412 6,

45 467 50 501 ι
98 433 256 500 Philetem
279 439 406 517 poetam
429 433 527 499 fuisse
550 433 685 515 epicum,
709 430 848 513 denique
868 431 901 495 In
923 430 980 513 IX,
999 433 1038 495 13
1062 437 1096 497 et
1110 431 1187 514 XII,
1205 434 1239 495 24

43 566 46 587 ¹
98 535 178 603 haec
201 536 313 602 uerba:
344 533 375 598 ολ
406 532 441 597 δὲ
469 525 506 596 οὗ
529 530 670 615 κιβωτόν
692 554 796 619 φασιν
820 523 904 595 ἀλλὰ
927 535 1110 616 πνργίσκον
1134 533 1238 599 einai

44 640 46 731 j
101 632 215 713 ἁλιέας
241 637 368 718 χιλίους
391 635 458 701 illio
479 655 543 699 non
566 639 700 700 exstant.
745 632 811 700 Sed
833 653 873 700 ne
896 633 947 699 eui
969 633 1002 698 in
1023 641 1166 701 mentem
1189 655 1238 701 ue·

44 734 47 755 ¹
99 740 229 805 nister
252 739 302 805 his
325 737 551 803 additamentis
574 742 718 820 repetere
740 740 927 819 argumenta
949 735 1064 817 quibus
1087 756 1162 802 eum
1184 736 1237 803 illo

98 860 189 907 usum
211 858 281 905 esse
303 844 413 920 neget,
437 837 523 919 quod
544 837 698 904 Aelianus
721 835 761 902 de
783 837 865 902 Buto
890 835 983 902 etde
1006 835 1162 903 Corintho
1185 837 1236 903 ad·

97 943 220 1007 notauit
242 941 272 1006 ei
295 940 356 1022 ipsi
379 944 446 1004 tum
467 958 538 1004 eum
561 937 736 1004 adnotabat
756 945 866 1003 notum
886 939 984 1003 fulsse
1001 940 1189 1020 monuerim,
1212 939 1236 1004 si

98 1041 228 1124 quidem
251 1060 268 1106 e
291 1042 397 1124 eapite
420 1044 460 1103 40
482 1039 557 1104 libri
578 1040 627 1104 XI
649 1039 833 1104 animabum
857 1038 1019 1123 historiae,
1046 1059 1144 1122 quarn
1166 1047 1253 1105 ante·

97 1143 189 1208 uaria
212 1143 387 1210 confectam
410 1160 480 1208 esse
502 1141 584 1207 infra
606 1140 796 1223 uidebimus,
820 1160 893 1206 eum
908 1139 1126 1206 Alexandriae
1149 1160 1235 1226 pere·

97 1244 257 1327 grinatum
279 1245 376 1310 fulsse
400 1244 620 1326 componimus,
645 1249 676 1308 et
697 1242 784 1307 idem
806 1243 871 1306 iarn
886 1261 916 1306 u.
928 1240 960 1307 h.
975 1242 1029 1324 VI,
1048 1245 1087 1304 12
1103 1241 1146 1309 de
1162 1242 1235 1308 Dio·

97 1347 182 1429 nysii
212 1346 301 1412 exitu
328 1346 502 1412 miserabili
530 1365 629 1428 agens
657 1345 707 1411 his
734 1345 841 1410 uerbis
867 1363 942 1409 usus
965 1350 1027 1409 est:
1055 1344 1110 1408 sol
1136 1340 1171 1408 ἓν
1191 1343 1235 1426 τῷ

97 1444 288 1531 μεσαιτάτῳ
311 1448 369 1530 τῆς
388 1440 542 1520 Ἑλλάδος
566 1438 758 1532 ἀσχημονοῦν
781 1443 929 1508 διετέλει.
963 1443 1097 1510 Ceterae
1120 1444 1235 1512 disere·

97 1550 332 1632 pantiunoulae‚
355 1549 383 1614 si
405 1568 468 1613 non
483 1547 526 1612 ad
540 1548 711 1614 Aelianum
725 1549 830 1632 ipsum
845 1546 1046 1612 reuooandae
1062 1553 1146 1628 sunt,
1169 1546 1235 1615 lieri

7 1669 9 1672 ’
96 1655 203 1732 potest
224 1655 259 1715 ut
279 1655 335 1714 aut
350 1649 513 1732 integriori
529 1648 656 1715 cuidam
670 1670 851 1716 sermonum
874 1647 1088 1715 oonuiualium
1105 1645 1235 1713 editioni

96 1755 153 1815 aut
182 1751 346 1833 interpreti
375 1750 483 1814 uariae
513 1748 665 1817 historiae
688 1752 872 1817 debeantur.
898 1785 934 1793 -
958 1749 996 1814 In
1018 1768 1141 1814 errores
1165 1769 1234 1842 eum

97 1851 179 1916 inter
207 1850 452 1917 describendum
480 1871 714 1935 nonnumquam
736 1851 904 1936 delapsum
927 1828 1243 1925 esse'lseriho‘niusst

97 1970 174 2017 uere
196 1951 431 2018 anImaduertit.
469 1950 592 2018 Eodem
615 1959 760 2036 spectant
781 1954 814 2016 In
836 1952 1041 2036 u.h.111,1s
1063 1947 1175 2018 uerba
1185 1942 1234 2016 ὅτι

98 2043 229 2137 ἐφεῖται
243 2063 328 2128 τοῖς
343 2049 376 2116 ἒν
391 2053 439 2136 τῷ
455 2051 641 2138 συνδείπνῳ
656 2055 803 2139 παροῦσι
820 2051 953 2130 ξένοις
968 2057 1148 2137 προπίνειν
1163 2065 1234 2128 ταῖς

96 2152 253 2238 γυναιξίν,
270 2151 407 2219 ἕκαστον
421 2147 441 2240 ἦ
458 2143 498 2219 ὃν
512 2153 685 2242 floridorum
723 2176 765 2221 ua
781 2156 864 2221 enim
881 2162 949 2221 erat
963 2157 1232 2240 neglegentiapro

97 2257 203 2323 uerbiS
225 2257 281 2321 καὶ
302 2253 403 2321 καλὸν
428 2250 567 2334 αὐτοῖς
589 2261 769 2342 προπίνειν
792 2253 854 2332 οἷς
877 2245 917 2321 ολν
939 2254 1062 2337 τύχωσι
1084 2257 1151 2320 τῶν
1173 2278 1235 2320 πσ-

98 2354 222 2437 ρόντων
251 2358 336 2437 (Ath.
353 2359 385 2423 X
406 2381 437 2443 p.
455 2361 555 2436 Asea)
584 2361 663 2442 legit
688 2359 744 2423 καὶ
769 2354 870 2422 καλὸν
894 2350 1030 2432 αὐτοῖς
1059 2361 1234 2444 προπίνειν

99 2455 163 2534 αίς
187 2447 227 2523 ἂν
249 2456 381 2539 τύχωσι,
408 2460 492 2527 unde
515 2461 633 2526 laetum
655 2466 711 2542 est,
736 2466 770 2524 ut
791 2460 981 2525 sententiam
1003 2462 1188 2544 apposuerit
1208 2459 1235 2524 ei

97 2579 180 2643 quae
202 2561 289 2644 apud
310 2561 512 2628 Athenaeum
535 2566 641 2627 exstat
663 2561 862 2626 contrariam.
892 2597 933 2606 -
961 2560 1098 2627 Furatus
1121 2568 1170 2629 est
1192 2560 1234 2627 illi

97 2681 160 2725 non
183 2667 305 2726 tantum
328 2683 379 2728 res
403 2669 434 2728 et
455 2663 564 2744 uerba,
587 2662 645 2728 sed
667 2663 764 2728 etiam
779 2660 1031 2744 dispositionem.
1065 2663 1139 2729 Non
1156 2664 1233 2729 enim

98 2762 213 2826 serlem
236 2763 339 2827 solum
363 2765 503 2847 sapitum
526 2783 609 2846 quae
630 2765 663 2828 In
680 2762 977 2848 δειπνοσοφισταῖς
993 2770 1040 2830 est
1056 2767 1197 2831 seruauit
1205 2768 1233 2845 ²),

99 2861 157 2927 sed
180 2863 277 2928 etiam
300 2866 463 2930 enuntiata
485 2865 612 2948 shngula
634 2883 674 2928 ex
697 2863 809 2930 ordine
825 2866 1031 2949 transcripsit.
1066 2866 1234 2932 Auotorum

98 2963 331 3030 laudandorum
358 2966 466 3032 euadit
494 2967 624 3032 minime
647 2965 816 3032 studiosus.
861 2967 944 3031 Nam
967 2987 1037 3032 oum
1054 2966 1234 3034 Athenaeus

97 3065 137 3130 iis
165 3063 245 3130 loeis
274 3086 353 3148 quos
376 3068 529 3134 Aelianus
557 3068 598 3133 ab
627 3087 665 3134 eo
695 3071 855 3134 mutuatus
886 3074 934 3133 est
956 3068 1096 3151 octogies
1120 3069 1162 3135 ad
1185 3087 1235 3136 eos

98 3165 213 3246 quibus
228 3186 287 3232 sua
303 3168 399 3235 debet
412 3176 575 3253 prouooet‚
600 3168 651 3235 hie
667 3187 708 3234 ex
723 3168 779 3233 illo
794 3167 938 3253 pendens
953 3168 1125 3235 duodeoIm
1141 3171 1234 3254 serip-

98 3271 200 3332 torum
229 3270 357 3336 nomina
386 3277 420 3336 ut
448 3271 529 3336 forte
551 3271 674 3337 oalamo
698 3290 731 3336 se
755 3271 935 3336 obtulerant
957 3270 989 3333 in
1011 3270 1127 3335 librum
1151 3291 1236 3338 suum

98 3370 267 3435 transferre
290 3373 369 3438 satis
392 3371 512 3438 habuit.
550 3370 724 3439 Socordiae
747 3371 904 3436 obnoxius
928 3377 976 3437 est
998 3372 1030 3435 in
1045 3372 1102 3455 ΠΙ,
1122 3377 1161 3436 14
1176 3374 1235 3438 Da·

99 3489 225 3534 monem
240 3477 272 3536 et
287 3471 319 3535 in
334 3473 392 3556 IX,
412 3477 444 3536 11
466 3472 629 3539 Parrhasii
646 3473 876 3558 epigrammata
890 3479 1076 3539 antestatus.
1112 3474 1235 3542 Cetero-

46 3588 50 3635 ε
99 3571 154 3652 qui
176 3588 258 3651 quae
281 3572 348 3638 illio
370 3575 536 3640 inuenerat
558 3573 677 3640 diserta
698 3573 832 3638 fontIum
847 3573 969 3640 indicia
985 3574 1034 3640 hIs
1050 3576 1236 3660 ambagibus

97 3671 267 3739 uerborum
297 3674 435 3741 eireuiit:
472 3665 617 3755 Ἀχαϊκοὶ
648 3671 683 3737 δὲ
713 3657 752 3737 αὖ
774 3671 879 3739 πάλιν
902 3674 1032 3759 λέγουσι
1056 3673 1165 3761 λόγοι,
1194 3666 1236 3750 ὥς

185 3891 208 3951 1)
226 3885 270 3941 Ad
287 3903 313 3942 u.
324 3887 351 3941 h.
365 3888 410 3952 IV,
424 3891 465 3954 23,
483 3889 595 3957 VHI,·1,
613 3889 661 3955 IX,
673 3895 697 3944 9.
768 3894 793 3957 2)
812 3889 852 3945 cf.
864 3907 892 3961 p.
907 3896 947 3946 14.
