2714 4500
161 243 203 299 De
217 245 336 301 lontibus
352 245 447 314 quibus
461 247 587 304 Aelianus
604 247 633 303 in
651 249 728 305 naria
740 249 854 306 historia
865 255 1051 323 componenda
1065 273 1131 315 usus
1145 261 1189 317 sit.
1219 264 1281 324 133

135 415 318 494 Πλάτωνος
338 411 604 485 κενοσποι·δίαν’.
638 420 725 509 πρὸς
749 421 786 488 ὃν
809 418 826 490 o‘
850 423 996 492 Πλάτων
1016 419 1124 509 Ἦσαν,
1147 416 1282 503 ιδΔιό-

134 543 236 603 γενες,
259 521 319 585 τοῦ
339 517 446 606 τύφου
469 519 674 645 διαφαίνεις,
698 523 865 591 δοκιῦν
823 551 869 613 μν
893 524 1137 616 τετυφῶσθαι.
1175 535 1214 601 οἱ
1237 536 1281 603 δέ

135 643 221 707 φασι
241 618 299 687 τὸν
320 624 481 708 Διογένην
504 620 611 689 εἰπεῖν
638 619 751 690 (πατιῦ
772 624 829 693 τὸν
851 627 1034 709 Πλάτωνος
1061 627 1204 722 τῦφον’·
1220 635 1280 705 τὸν

134 721 169 787 δε
186 747 292 810 φαναι
309 717 424 808 ἑτέρῳ
438 745 475 808 γε
488 747 593 812 τυφῳ,
616 719 799 811 Διόγενεςῖ
832 733 941 797 Σωτί
949 725 1089 798 ovd*
1075 758 1115 802 εν
1136 761 1189 823 τη)
1211 763 1279 806 τε·

132 822 267 910 τάρτφ
241 825 372 911 φησὶ
395 826 492 890 τοῦτο
514 824 600 912 πρὸς
616 819 716 894 αυτδν
732 827 840 896 εἰπεῖν
854 829 913 898 τόν
927 832 1145 902 Πλάτωνα
1109 862 1168 904 τον
1181 837 1278 932 κύνα·

132 927 185 992 uel
214 928 344 1010 quale
335 949 367 993 m
389 928 475 1013 VIII,
492 934 547 994 51:
577 921 926 1018 Ἐμπεδοκλης,“
899 958 950 1011 ως
980 957 1108 1024 φησιν
1133 933 1279 1008 Ἱππό-

131 1032 268 1111 βοτος,
291 1033 336 1092 Μ
340 1027 530 1107 έτωνος
513 1015 558 1116 ην
580 1029 673 1109 υίὸς
695 1035 754 1098 τοῦ
770 1025 1040 1118 Ἐμπεδοκλέους,
1066 1031 1281 1127 Ἀκραγαντῖ-

132 1153 196 1206 νος.
231 1154 268 1194 το
258 1122 319 1194 δ
339 1122 419 1196 αὐτὸ
443 1133 497 1196 και
518 1131 697 1216 Τίμαιος’
683 1158 717 1200 εν
739 1161 770 1199 τι
764 1136 1075 1227 πεντεκαιδεκάτῃ
1097 1143 1164 1208 τῶν
1187 1142 1279 1211 icco

132 1233 221 1317 ριιῦν,
245 1229 410 1319 ἐπίσημον
415 1226 530 1318 δίνδρα
547 1235 770 1318 γεγονέναι
736 1262 793 1303 τον
804 1230 1086 1321 Ἐμπεδοκλέα
1051 1266 1109 1308 τον
1130 1242 1281 1313 πάππον

20 1388 28 1400 .
129 1336 189 1398 τοῦ
217 1335 369 1421 ποιητοῦ.
415 1325 499 1398 ἀλλὰ
532 1338 588 1401 καί
608 1328 802 1422 Ἑρμιππος
833 1337 875 1405 τὰ
906 1334 989 1407 αυτὰ
1022 1342 1129 1430 τούτῳ
1103 1354 1278 1435 φίφησν.

130 1432 256 1519 ὁμοίιος
277 1437 331 1501 καί
352 1432 613 1524 Ἡρακλείδης
599 1462 633 1503 εν
654 1463 699 1524 την
723 1442 801 1526 περὶ
825 1439 948 1522 νόσων,
979 1434 1031 1510 ότι
1054 1444 1254 1534 λαμπρᾶς
1237 1476 1280 1536 ην

130 1536 237 1615 οἰκίας
261 1536 556 1625 ἱπποτροφηκότος
577 1542 636 1604 τοῦ
653 1538 810 1607 πάππου.
845 1542 932 1626 λέγει
955 1543 990 1608 δὲ
1011 1569 1066 1612 και
1076 1539 1280 1634 Ἐρατοσθέ-

130 1664 186 1728 νης
216 1638 249 1706 ἓν
277 1652 348 1716 τοῖς
363 1631 750 1761 ἰιίΟλυιπιονκαιςΜ
789 1647 844 1710 53;
872 1641 1157 1742 Σιίτυηοςδ3
1143 1674 1177 1716 εν
1204 1666 1280 1730 τοῖς

128 1747 217 1826 βίοις
241 1743 342 1830 φησίν
362 1732 415 1807 ότι
433 1734 468 1807 E
466 1741 715 1827 μπεδοκλης(
676 1741 766 1821 υιδς
787 1744 860 1828 μὲν
881 1743 927 1834 ἠν
945 1739 1193 1833 Ἐξαινέτου,
1216 1779 1279 1820 κα·-

128 1846 246 1911 τέλιπε
269 1844 380 1910 δὲκαὶ
404 1837 504 1920 αὐτὸς
525 1841 598 1909 υίὸν
617 1837 815 1921 Ἐξαίνετον·
839 1845 897 1914 ἐπί
911 1873 947 1914 τε
961 1852 1020 1936 τῆς
1038 1843 1142 1978 αυτης
1155 1845 1277 1940 Ολυμ-

128 1946 253 2024 πιάδος
280 1945 339 2012 τὸν
367 1946 471 2029 μὲν“
456 1970 553 2031 ιππῳ
583 1947 692 2034 κέλητι
722 1952 898 2030 νενικέναι,
931 1949 990 2017 τόν
1016 1945 1047 2018 δ’
1073 1952 1146 2020 υἱόν
1174 1949 1277 2024 αυτοῦ

127 2043 279 2135 πάλη,”
258 2075 294 2135 η,
318 2044 363 2125 ιῧς
382 2008 635 2135 Ηρακλείδης
622 2072 655 2113 εν
677 2051 717 2112 τί
740 2047 915 2138 ἐπιδρομῇ,
939 2049 1132 2140 δρόμῳ..
1196 2065 1276 2146 Τ-η

128 2148 201 2214 λαυ
208 2173 279 2238 γης
301 2142 370 2214 δΗ
353 2149 593 2241 οΠυθαγόρου
616 2163 699 2226 παῖς
717 2147 751 2216 ἕν
766 2176 803 2237 τη
821 2150 908 2236 πρὸς
925 2153 1092 2222 Φιλόλαον
1115 2155 1277 2276 ἒπιοτολη

128 2274 212 2339 φησι
234 2277 291 2318 τον
309 2245 530 2336 Εμπεδοκλεα
552 2243 789 2336 ίρχινοιου
813 2260 922 2321 εἰναι
949 2254 1048 2323 υἱόν.
1086 2264 1143 2326 54:
1167 2252 1269 2328 ότιδ

127 2380 167 2439 ην
184 2347 470 2441 Ἀκραγαντῖνος’
457 2378 491 2418 εκ
512 2347 735 2433 Σικελίας,
698 2352 796 2432 αυτὸς
819 2352 1034 2440 ἐναρχόμενος
1054 2362 1120 2425 τῶν
1143 2365 1277 2451 audep-

126 2457 198 2538 μιῦν
222 2478 333 2544 φησιν.

212 2560 326 2642 Neque
348 2579 424 2626 uero
439 2560 612 2643 Diogenes,
637 2578 828 2642 quamquam
842 2561 1035 2627 Fauorinum
1057 2583 1098 2629 cx
1120 2569 1273 2635 memoria

127 2660 291 2726 hominum
313 2663 516 2745 exstinguere
539 2660 697 2744 studebat,
726 2663 832 2727 facere
854 2668 895 2746 po
898 2663 957 2728 tuit
957 2666 1069 2747 ‚quin
1090 2686 1180 2733 suam
1203 2670 1274 2737 eius

126 2763 272 2828 notitiam
291 2764 440 2846 iactaret3
464 2764 497 2828 in
520 2765 594 2839 §53
618 2763 702 2828 enim
725 2763 954 2844 gloriabundus
976 2764 1057 2831 haec
1078 2766 1183 2832 addit:
1157 2764 1270 2859 ts'yd

127 2855 159 2925 δ
185 2855 277 2943 εὗρον
300 2859 334 2927 ἒν
355 2876 426 2940 τοῖς
447 2856 664 2950 ὑπομνήμασι
689 2867 886 2950 Φαβωρίνου
914 2856 968 2930 ότι
988 2866 1043 2930 και
1065 2868 1146 2948 βοῦν
1168 2865 1271 2934 ’έθυσε

126 2986 197 3038 τοις
212 2960 388 3049 proposed
402 2959 652 3050 Ἐιιπεδοκλης’
638 2988 672 3028 εκ
691 2964 826 3046 μέλιτος
846 2965 899 3030 καὶ
924 2956 1008 3053 dipl
1008 2991 1073 3031 τιον
1094 2969 1150 3033 καὶ
1173 2961 1269 3035 αδελ-

127 3061 193 3151 φὸν
215 3063 287 3146 ίσχε
308 3065 583 3152 Καλλικρατίδην.
628 3066 718 3145 Quae
747 3069 843 3151 igitur
864 3071 1010 3154 proxime
1037 3069 1198 3155 adscripta
1221 3079 1270 3139 est

126 3168 167 3233 de
189 3176 280 3251 patre
301 3169 505 3252 Empedoclis
527 3171 639 3253 aporia
661 3189 678 3234 e
702 3172 934 3236 commentariis
957 3177 1082 3256 sumpta
1104 3178 1152 3238 est
1165 3173 1267 3239 Fauo·

125 3270 196 3353 rini,
221 3272 275 3353 qui
289 3271 435 3336 adhibita
450 3270 615 3335 historiola
631 3269 671 3335 de
686 3271 770 3337 boue
785 3270 955 3356 Olympiae
976 3262 1143 3356 dispertito
1159 3272 1267 3357 Satyri

127 3371 255 3453 quidem
279 3372 318 3437 de
341 3373 505 3437 Exaeneto
534 3378 631 3455 patre'
655 3372 808 3438 indicium
836 3373 993 3455 probauit.
1036 3373 1106 3438 Iam
1132 3394 1209 3441 uero
1238 3377 1267 3442 si

126 3473 304 3556 excipimus
319 3494 422 3557 pauca
436 3474 493 3539 illa
508 3494 590 3556 quae
606 3474 711 3538 Diocli
727 3473 883 3540 debentur
895 3474 915 3550 ¹)
939 3474 1267 3558 philosophorumque

126 3575 261 3656 placita,
290 3581 495 3658 testamenta,
527 3576 679 3658 epistulas
710 3583 741 3640 et
762 3576 916 3659 Diogenis
945 3577 1045 3660 ipsius
1073 3573 1266 3662 πάμμετρα,

126 3675 212 3758 quod
228 3675 359 3742 eaedem
375 3677 626 3742 testimoniorum
642 3677 733 3758 quasi
756 3682 857 3743 strues
879 3697 937 3760 per
959 3697 1067 3744 omues
1088 3666 1191 3746 libros
1210 3679 1263 3745 de-

125 3775 371 3861 prehenduntur,
396 3797 505 3844 omnes
527 3777 570 3842 ad
591 3778 785 3843 Fauorinum
806 3777 978 3844 reuocandi
1000 3785 1080 3845 sunt.

211 4000 234 4062 1)
251 3995 319 4052 Vide
336 3994 436 4050 Maass.
454 4010 480 4064 p.
493 3998 573 4064 tsqq.
