2714 4500
97 185 138 244 82
534 182 535 185 ’
564 186 640 242 Felix
658 185 786 256 Rndolph

99 346 1215 446 διελεῖν,ἐπιτερπέστερονδέκοὶχαριέστεροντδάνα-

97 459 358 545 μεμιγμένον
380 462 451 526 καὶ
473 457 546 547 τῆν
568 460 794 525 ποικιλίαν
815 462 886 524 τοῦ
907 459 1144 543 μονοειδοῦς
1164 477 1216 520 νο-

98 561 293 646 μίζουσα,
314 560 476 649 χρῆσιμον
492 562 528 627 δὲ
542 559 580 628 τδ
604 562 735 646 βιβλίον
759 559 807 638 εἰς
822 563 1054 645 πολυμαθίαν·
1078 553 1158 646 εόροι
1170 553 1218 642 γάρ

99 659 139 730 dv
162 689 212 742 τις
239 665 295 730 καὶ
323 667 390 730 τῶν
420 664 594 751 ἱστορικῶν
626 656 682 729 οόκ
712 655 808 747 ὀλίγα
838 655 1015 749 άναγκαῑα,
1044 667 1098 730 καὶ
1124 660 1156 747 δῆ
1176 659 1219 723 καὶ

100 759 445 855 όποφθεγμάτων
475 767 531 832 καί
560 765 733 854 ῥητορικῆς
756 763 929 851 διατριβῆς
952 765 1023 834 ένια
1045 769 1097 832 καὶ
1119 762 1220 853 φιλο-

100 867 237 956 σόφου
265 872 453 953 θεωρίας
480 869 534 932 καὶ
564 867 741 954 ποιητικῆς
770 864 879 948 ἰδέας,
909 869 963 934 καὶ
988 868 1021 934 εί
1040 894 1073 933 τι
1093 868 1221 932 τοιοῦτον

100 968 252 1054 ἐμπέσοι.
285 967 506 1056 Αἰγυπτία
529 967 570 1034 δὲ
592 966 635 1035 τό
659 972 770 1054 γένος
792 962 1045 1058 ῆΠαμφίλη,
1069 963 1221 1057 ῆκμασεδὲ

100 1064 180 1138 καθ’
208 1069 263 1148 οὓς
283 1071 422 1158 χρόνους
444 1074 563 1158 Νέρων
584 1065 601 1136 δ
623 1065 791 1152 Ῥωμαίων
813 1065 954 1157 ῆκμαζεν
977 1059 1221 1157 αὐτοκράτωρῆ

101 1173 137 1239 δὲ
165 1173 304 1262 φράσις,
334 1169 380 1250 ῶς
406 1172 496 1239 ἔστιν
526 1169 648 1238 ἐκτῶν
677 1178 920 1256 προοιμίων,
938 1174 1112 1257 συλλαβεῖν
1133 1173 1179 1237 καί
1198 1164 1223 1231 ἐν

101 1275 152 1354 οίς
175 1271 299 1342 άλλοθί
320 1298 387 1340 που
403 1273 492 1341 >ίδιόν
506 1300 540 1340 τι
556 1276 652 1359 λέγει,
674 1277 731 1341 καί
744 1272 892 1358 μάλιστα
911 1273 995 1342 κατὰ
1010 1274 1070 1360 τῆν
1085 1274 1224 1346 διάνοιαν,

101 1377 156 1445 σία
187 1375 225 1464 δῆ
248 1378 303 1443 καὶ
325 1373 478 1463 γυναικὸς
501 1375 632 1462 ἔκγονον
655 1362 753 1456 οὖσα,
781 1379 840 1463 τῆς
863 1369 1008 1460 ἀφελοῦς
1031 1373 1119 1443 ἐστιν
1143 1374 1224 1446 ἰδέας,

101 1473 178 1546 οὐδὲ
206 1481 246 1566 τῇ
276 1477 361 1556 λέξει
389 1476 475 1564 πρὸς
503 1475 561 1565 τῆν
593 1476 685 1544 ἰδέαν
715 1471 983 1565 άλλοτριουμένη.
1018 1476 1051 1544 ἓν
1075 1477 1123 1555 οἷς
1145 1476 1175 1542 δὲ
1194 1466 1225 1535 τὰ

103 1575 325 1667 ἀρχαιοτέρων
349 1572 670 1667 άπομνημονεόουσα
693 1581 794 1665 λέγει,
824 1579 1066 1666 ποικιλώτερον
1089 1574 1166 1666 αὐτῆ
1185 1569 1228 1637 καὶ

102 1677 140 1749 οὗ
162 1675 245 1747 καθ’
272 1682 305 1746 ἓν
329 1677 417 1758 εἶδος
440 1680 607 1767 σύγκειται
630 1677 647 1748 ό
672 1680 777 1767 λόγος.

186 1785 277 1851 Idem
300 1784 370 1851 cod.
396 1787 453 1848 161
471 1807 502 1870 p.
522 1787 581 1849 103
596 1784 718 1850 Bekh.:
739 1778 775 1850 ‘O
798 1782 833 1847 δὲ
857 1782 1009 1869 δεύτερος
1031 1786 1087 1861 (sc.
1109 1785 1171 1847 τῶν
1197 1770 1236 1836 ἔλ-

103 1889 208 1973 λογῶν
231 1883 327 1970 λόγος
341 1883 518 1970 Σωπάτριμ
541 1885 756 1965 συνείλεκται)
779 1883 814 1950 έκ
828 1908 864 1950 τε
878 1888 945 1950 τῶν
959 1885 1133 1971 Σωτηρίδα
1146 1884 1243 1951 ffap‘

104 1989 205 2076 φίλης
228 1984 399 2069 ἐπιτομῶν
421 1985 556 2073 πρώτου
573 1984 670 2071 λόγου
685 1987 740 2053 καὶ
756 1985 902 2071 καθεξῆς
915 1990 1012 2074 μέχρι
1027 1989 1086 2052 τοῦ
1101 1983 1252 2052 δεκάτου·

189 2088 294 2156 sud:
317 2090 483 2176 Παμφίλη
501 2081 721 2172 Ἐπιδαυρί
728 2115 749 2154 α
765 2086 864 2177 σοφῆ,
880 2087 1032 2176 θυγάτηρ
1048 2077 1263 2176 Σωτηρίὸθυη

56 2222 58 2230 ·
104 2185 142 2258 οὗ
170 2193 299 2276 λέγεται
329 2187 493 2257 εἶναικαὶ
515 2187 557 2255 τά
581 2189 801 2275 συντάγματα,
825 2184 871 2266 ῶς
892 2189 1073 2268 Λιονόσιος
1096 2188 1128 2254 δν
1150 2176 1220 2274 τῷ
1246 2162 1260 2224 δ

102 2298 161 2382 τῆς
188 2294 349 2379 μουσικῆς
378 2292 543 2377 ἱστορίας,
573 2287 619 2368 ῶς
642 2290 678 2356 δέ
701 2289 808 2376 ἕτεροι
829 2290 1033 2379 γεγράφασι,
1057 2261 1263 2375 auocari&

103 2399 162 2462 τοῦ
185 2389 305 2481 άνδρδς
329 2387 444 2482 αὐτῆς,
476 2391 667 2480 ἱστορικά
697 2387 978 2479 όπομνῆματα
1002 2391 1041 2458 ἒν
1061 2385 1263 2476 βιβλίθΙ

105 2497 174 2585 λγ,
204 2494 412 2584 ἓπιτομῆν
440 2499 513 2562 τοῦ
534 2499 720 2581 Κτησίου
750 2491 790 2559 έν
811 2495 998 2579 βιβλίοις
1020 2494 1059 2579 γ’,
1088 2490 1263 2576 carroffi*

106 2600 261 2686 ἱστοριῶν
283 2623 319 2663 τε
340 2601 396 2664 καὶ
419 2597 539 2686 ἑτέρων
558 2597 698 2682 βιβλίων
714 2596 961 2678 παμπλείστας,
986 2598 1064 2682 περὶ
1081 2569 1263 2684 άμφισρ

104 2700 241 2786 τῆσεων,
264 2700 362 2784 περὶ
387 2691 652 2786 άφροδισίων
674 2698 730 2762 καὶ
746 2693 856 2762 άλλων
871 2699 1017 2763 πολλῶν.
1052 2697 1099 2764 Cf.
1117 2689 1263 2765 eund&

106 2826 130 2872 S.
147 2825 176 2869 11.
193 2800 395 2889 Σωτηρίδας.

190 2907 384 2989 Fragmenta
405 2902 594 2986 Pamphilae
617 2908 745 2969 exstant
766 2902 853 2986 apud
877 2903 927 2966 Di.
944 2902 1000 2967 La.
1023 2902 1048 2986 Ι,
1065 2905 1117 2985 24,
1134 2906 1185 2986 63,
1202 2881 1263 2966 7

106 3011 157 3092 ec,
181 3010 232 3090 es,
254 3006 296 3088 Η,
312 3008 363 3087 24,
386 3006 443 3080 ΠΙ,
460 3008 510 3087 23,
534 3005 572 3088 v,
590 3007 629 3069 36
646 3012 678 3070 a
692 3003 779 3089 apud
795 3003 876 3068 cerr.
892 3003 963 3087 xv,
983 3007 1020 3067 17
1038 3010 1069 3069 et
1085 3007 1136 3068 23.
1174 3003 1219 3070 sn

106 3117 212 3174 autem
237 3109 390 3190 deinceps
406 3107 446 3171 de
462 3106 608 3189 Thalete,
632 3106 674 3171 de
690 3104 825 3171 Chilone
840 3105 1108 3189 Lacedaemonio,
1132 3105 1174 3171 de
1190 3083 1263 3169 P?

107 3217 189 3292 taoo,
213 3211 254 3275 de
277 3209 431 3275 Cleobule
455 3208 581 3291 Lindie,
605 3208 646 3273 de
669 3207 862 3290 PeriandriS,
886 3207 927 3272 de
950 3206 1093 3290 Socrate,
1118 3206 1159 3272 de
1182 3208 1263 3272 Ple

108 3318 197 3393 tene,
226 3310 267 3375 de
289 3309 513 3393 Theophrasto
535 3309 703 3374 Menandri
724 3315 932 3392 praeceptere
955 3343 996 3353 -
1019 3309 1060 3374 de
1082 3293 1263 3375 Alcibiarl

107 3413 203 3477 tibias
226 3417 405 3495 respuente,
429 3410 470 3476 de
491 3416 598 3476 aetate
620 3410 781 3475 Hellanici
804 3408 960 3475 Herodoti
983 3409 1196 3494 Thucydidis.

193 3512 368 3578 Praebetur
388 3512 494 3577 aditus
509 3513 602 3594 quasi
616 3512 658 3576 ad
674 3510 834 3577 officinam
850 3513 1095 3595 compilatorum
1112 3514 1167 3595 qui
1181 3520 1262 3597 po&

110 3612 270 3680 Christum
292 3620 402 3679 natum
424 3614 551 3678 luerunt
573 3614 858 3695 introspiciendam
880 3614 1029 3697 exemplo
1045 3611 1176 3698 Sopatri
1198 3613 1263 3676 ho⁴

109 3715 205 3780 minis
227 3715 355 3779 Aeliani
383 3716 548 3781 simillimi.
594 3714 673 3780 Cum
700 3716 784 3779 enirn
806 3714 939 3780 Photius
962 3716 995 3778 in
1018 3715 1130 3780 codice
1154 3699 1263 3779 CLX]

110 3823 255 3881 auctores
285 3817 400 3897 quibus
428 3818 511 3881 isin
541 3817 661 3900 eclogia
684 3814 859 3881 conflandis
881 3837 957 3883 usus
980 3823 1027 3882 est
1057 3817 1153 3899 plene
1179 3833 1263 3880 enu‘

109 3923 220 3999 meret,
243 3915 396 3983 habemus
418 3917 557 3982 indicem
579 3918 733 3982 librorum
756 3919 810 4000 qui
826 3917 956 3999 quidem
970 3919 1035 3984 illis
1051 3919 1188 3985 saeculis
1208 3904 1254 3979 ad
