2714 4500
122 234 163 293 52
214 284 217 289 .
300 255 302 259 ’
586 228 664 284 Felix
680 228 808 297 Rndolph

125 407 211 492 quod
226 407 404 473 Fauorinus
427 409 507 469 teste
530 403 677 484 Diogene
701 400 741 466 de
757 401 891 466 Platone
914 405 945 466 et
965 400 1000 465 in
1014 400 1097 465 libro
1116 401 1224 466 altero
1248 407 1277 467 et

21 563 24 570 .
125 510 159 575 in
180 508 263 574 libro
286 512 400 573 ootauo
416 505 606 589 omnigenae
622 502 775 570 historiae
791 502 951 586 disseruit,
967 503 1178 587 praeeipuam
1204 523 1275 568 oau-

82 645 84 650 ·
127 630 196 676 sam
217 609 343 693 repetit,
366 628 422 673 our
444 608 477 691 in
500 606 715 690 explicatione
738 605 909 670 uerborum
930 603 1038 670 Photii
1060 603 1276 670 Muelleriana

127 711 278 778 offendat.
321 703 566 793 ‘Exspectamus
589 698 720 791 autem',
744 707 864 790 inquit,
888 700 930 772 ‘si
953 726 1023 772 oum
1046 706 1208 773 Muellero
1231 707 1276 772 fa·

127 815 237 896 nimus,
260 811 342 878 haee
362 810 462 875 fuisse
485 830 509 875 s.
525 830 556 874 u.
572 805 718 873 Πλάτων
733 810 861 874 inserta.
895 806 981 885 Quid
996 807 1098 873 uero?
1123 807 1274 875 Seoundo

127 911 223 996 igitur
237 911 321 977 libro
333 911 552 978 Fauorinusne
568 913 632 977 lam
646 910 689 976 ad
699 915 738 975 Π
745 910 885 976 litteram
896 911 1053 994 peruenit,
1065 929 1164 991 quam
1177 912 1276 977 etiam

126 1012 160 1076 in
182 1017 296 1078 octauo
318 1013 400 1079 libro
425 1033 496 1078 eum
518 1018 672 1079 tractasse
695 1012 761 1078 alia
776 1013 892 1079 donent
907 1011 1110 1095 fragmenta?
1138 1011 1276 1090 Qualem

127 1112 290 1180 hominem
304 1115 397 1181 nobis
413 1116 618 1181 informemus
632 1114 837 1198 Fauorinum,
861 1115 917 1197 qui
931 1114 1012 1179 libro
1029 1114 1134 1197 primo
1150 1115 1275 1182 litteras

127 1216 165 1278 A
186 1235 287 1298 usque
310 1216 353 1282 ad
373 1218 410 1300 Ο,
433 1217 524 1282 librIs
547 1216 754 1298 sequentibus
776 1217 817 1299 11,
840 1217 897 1299 III,
912 1215 967 1298 IV,
983 1215 1021 1298 V,
1038 1215 1092 1300 VI,
1109 1217 1182 1298 VH,
1199 1218 1276 1284 VIII

126 1328 235 1382 unam'
251 1320 353 1384 solam
384 1320 571 1402 complexus
597 1318 639 1384 sit
660 1321 699 1380 Π
716 1308 881 1383 litteram'.
925 1318 968 1382 At
990 1317 1089 1400 enim,
1121 1319 1277 1400 quoniam

126 1420 297 1503 omnigena
324 1419 459 1487 historia
486 1441 550 1486 non
579 1425 644 1483 tam
667 1419 854 1500 singillatim
882 1439 978 1501 quam
999 1420 1180 1502 generatim
1204 1439 1276 1486 oon·

126 1521 246 1605 scripta
269 1528 351 1605 erat,
381 1520 553 1588 Nietzsehe
576 1521 609 1585 in
630 1527 723 1586 notas
750 1519 870 1587 ordinis
891 1520 1088 1605 alphabetici
1109 1521 1276 1603 inquirens

127 1623 324 1707 singulorum
348 1623 478 1706 quidem
499 1621 664 1687 hominum
686 1622 816 1686 nomina
837 1624 942 1688 minus
964 1627 1039 1706 apte
1061 1623 1198 1690 intuitus
1218 1629 1274 1689 est.

128 1724 265 1807 Egomet
279 1725 386 1789 animo
401 1722 444 1788 ad
460 1730 647 1806 argumenta
661 1723 912 1806 fragmentorum
923 1741 1077 1791 conuerso
1089 1723 1175 1788 illud
1186 1725 1274 1790 testi·

127 1827 269 1891 monium
289 1823 398 1890 Photii
421 1825 602 1891 deliberans
624 1826 843 1891 reuocauerim
874 1872 875 1877 1

213 1927 482 2009 Di.La.111‚57:
506 1923 584 1990 Εἰσὶ
606 1930 726 2005 τοίνυν,
751 1931 853 2013 φησίν
877 1931 931 2002 (se.
951 1929 1040 2012 Θρα-

129 2023 256 2106 σύλος),
286 2025 319 2092 οί
334 2025 459 2104 πάντες
482 2019 571 2112 αὕτη]
595 2032 649 2108 (se.
672 2025 889 2108 Πλάτωνι)
912 2027 1042 2115 γνῆσιοι

128 2127 323 2214 διάλογοι
345 2127 382 2206 ἓξ
400 2130 457 2194 καὶ
478 2127 691 2215 πεντήκοντα,
714 2132 772 2214 τῆς
794 2129 852 2212 μὲν
868 2131 1042 2205 πολιτείας
1075 2166 1167 2230 omni
1191 2185 1272 2231 onae

130 2228 178 2308 είς
200 2229 283 2316 δέκαΙ
301 2229 591 2318 διαιρουμένης-
612 2228 652 2318 ῆν
666 2232 722 2295 καὶ
737 2227 954 2315 εὑρίσκεσθαι
969 2251 1042 2312 σχε-
1094 2185 1255 2332 histgriae

128 2330 186 2398 δδν
214 2325 293 2422 όλην
322 2332 415 2418 παρὰ
438 2330 648 2419 Πρωταγόρᾳ
674 2329 708 2398 έν
729 2346 801 2409 τοῖς
823 2326 1043 2418 άντιλογικοῖς
1088 2365 1260 2453 Διάλογοι

129 2455 213 2523 φησι
231 2430 536 2521 Φαβωρῖνοςέν
557 2432 1043 2519 παντοδαπῆςίστορίας
1075 2470 1278 2555 inscriptum·

125 2534 156 2620 β’
179 2572 222 2583 -
243 2539 309 2602 τῶν
332 2536 368 2602 δὲ
383 2534 503 2618 νόμων·
516 2535 564 2612 είς
587 2535 790 2616 δυοκαίδεκα,
815 2558 896 2620 quae
912 2538 1045 2604 uerbaa

127 2639 280 2706 Muellero
295 2637 325 2721 β’
350 2641 382 2704 in
402 2636 421 2723 ή
445 2645 565 2705 mutato
587 2639 631 2704 ad
645 2659 674 2703 u.
690 2639 835 2703 Πλάτων
856 2639 1043 2720 referunt-ur,

212 2741 265 2806 Di.
280 2741 336 2805 La.
353 2741 439 2824 VIII,
456 2745 513 2804 47:
532 2732 772 2825 Ἐρατοσθένης
787 2738 823 2803 δέ
839 2761 932 2827 φησι,
954 2735 1041 2803 καθὸ

128 2841 184 2905 καὶ
212 2846 457 2927 Φαβωρῖνος
488 2838 521 2905 ἐν
547 2843 588 2926 τῆ
617 2832 738 2926 ὀγδόη
769 2840 1044 2927 παντοδαπῆς

130 2941 321 3030 ἱστορίας
343 2945 582 3028 παρατίθεται,
605 2943 723 3006 τοῦτον
746 2944 824 3021 (scil.
841 2941 1043 3028 Πυθαγό-

128 3043 216 3129 ραν)
231 3040 316 3111 εἶναι
328 3042 385 3110 τόν
397 3046 560 3131 πρῶτον
576 3040 731 3124 ἐντέχνως
745 3042 974 3111 πυκτεύσαντα
986 3043 1044 3111 ἐπὶ

128 3149 186 3234 τῆς
202 3139 320 3232 ὀγδόης
334 3147 390 3211 καὶ
404 3147 665 3232 τετταρακοστῆς
682 3137 920 3228 Ὀλυμπιάδος,
943 3143 1044 3232 κομῆ-
1082 3147 1129 3213 ad
1150 3150 1272 3216 lemma

127 3273 186 3336 την
201 3250 256 3313 καὶ
273 3244 452 3334 ἁλουργίδα
468 3249 651 3334 φοροῦντα·
676 3243 867 3333 ἐκκριθέντα
882 3240 914 3311 τ’
929 3245 1044 3312 ἐκτῶν
1080 3252 1276 3335 omnigenae

129 3348 262 3416 παίδων
290 3352 344 3415 καὶ
370 3340 586 3432 χλευασθέντ’
614 3340 731 3413 αότίκα
757 3352 945 3435 προσβῆναι
967 3345 1044 3425 τοὺς
1099 3349 1260 3420 historiae

130 3444 252 3537 άνδρας
272 3453 328 3518 καὶ
351 3454 493 3539 νικῆσαι.
528 3448 646 3537 δηλοῦν
670 3449 705 3514 δὲ
727 3453 825 3516 τοῦτο
847 3452 902 3516 καλ
924 3444 1044 3516 τοόπί-
1104 3456 1255 3539 Προῖτος

129 3575 264 3637 γραμμα
286 3545 371 3641 ὅπερ
395 3551 533 3640 ἐποίησε
558 3556 756 3640 Θεαίτητος·
1078 3555 1283 3642 inscriptum.

130 3652 448 3742 Πυθαγόρηντινά,
471 3652 685 3741 Πυθαγόρην,
710 3639 735 3717 τό
754 3651 846 3734 ξεῖνε,
868 3653 1021 3743 κομήτην,

174 3747 334 3841 ᾀδόμενον
356 3755 481 3844 πύκτην
504 3755 534 3821 εἰ
556 3760 701 3838 κατέχεις
723 3753 859 3839 Σάμιον,

131 3855 335 3944 Πυθαγόρης
358 3856 419 3943 ἐγώ
444 3855 528 3939 είμτ·
552 3855 594 3923 τὰ
617 3851 644 3922 δ
657 3856 734 3943 ’έργα
756 3882 819 3940 μου
837 3851 939 3924 ε’ίτιν’
955 3857 1044 3946 έροιο

169 3949 316 4037 Ἠλείων,
340 3958 459 4045 φήσεις
483 3952 581 4024 αὐτόν
605 3957 733 4024 άπιστα
756 3960 870 4044 λέγειν.

1068 2061 1112 2128 ad
1155 2063 1276 2128 lemma
1356 2094 1357 2123 1
