2714 4500
104 205 142 264 20
180 258 182 262 ,
481 204 482 208 ’
565 200 642 256 Felix
660 200 786 270 Rudolph

102 397 216 443 κτουσι
231 375 267 440 δέ
282 367 342 460 ιρά,
367 371 402 450 ἒξ
418 365 464 438 άν
480 373 605 438 νεοττοὶ
622 363 732 438 οόῑῶν
755 363 792 437 οὖ
815 375 961 457 γίγνεται
984 364 1129 447 νεοττός.
1163 371 1196 437 οἱ
1219 371 1251 437 δὲ

103 484 251 564 γίνονται
274 469 398 552 αὐταῖς.
424 472 453 540 εἰ
470 473 506 539 δέ
520 499 554 540 τι
568 475 659 539 Καλ-
686 474 829 554 Δωριεῖς
843 469 902 559 τὴν
918 471 1082 539 πελειάδα
1098 465 1176 539 ἀντὶ
1193 497 1251 539 πε-

104 580 231 667 λιμάχφ
245 576 304 666 χρὴ
321 580 507 664 προσέχειν,
530 573 659 662 φάτταν
687 575 840 659 ριστεράς
854 577 1020 654 τιθέασιν,
1037 569 1083 651 άς
1098 573 1251 661 Σώφρων

102 685 157 750 καὶ
180 679 369 769 πυραλλίδα
391 679 446 743 καὶ
463 674 660 764 περιστεράν
688 671 721 739 έν
732 681 940 759 γυναικείοις.
955 676 1176 758 Καλλίμαχος
1185 669 1250 742 δ’ἒν

102 787 157 852 καὶ
180 780 320 871 τρυγόνα
343 780 426 868 φησὶ
442 777 543 866 μηδὲν
560 770 659 864 άλλή-
686 777 734 860 τρῖ
757 778 835 861 περὶ
859 769 980 861 ὀρνέων
1002 771 1049 854 ὥς
1065 776 1251 864 διαφόρους

104 889 177 964 λαις
200 883 350 953 ἐοικέναι.
688 873 858 943 ἐκτίθεται
891 876 1025 966 φάσσαν
1058 879 1250 964 πυραλλίδα

687 976 887 1064 περιστεράν
898 973 1049 1066 τρυγόνα.
1067 975 1084 1045 5
1103 979 1139 1045 55
1153 980 1249 1047 Μόν-

688 1078 759 1156 διος
798 1072 1012 1167 Ἀλέξανδρος
1051 1072 1089 1146 οὗ
1128 1088 1249 1167 πίνειν,

649 1177 651 1182 ’
688 1185 781 1268 φησί,
803 1179 862 1267 τὴν
885 1181 1019 1270 φάσσαν
1039 1175 1249 1250 άνακόπτου-

688 1304 767 1362 σαν,
790 1278 836 1359 ιδς
857 1279 916 1368 τὴν
938 1282 1089 1369 τρυγόνα.
1112 1288 1169 1352 καὶ
1193 1289 1249 1352 τοῦ

685 1385 847 1465 χειμῶνος
861 1381 905 1468 μὴ
920 1387 1144 1471 φθέγγεσθαι,
1164 1387 1195 1453 εἰ
1206 1386 1247 1474 μὴ

688 1476 799 1562 εόδίας
827 1489 1011 1574 γενομένης.
1046 1485 1179 1568 λέγεται
1206 1485 1248 1564 δι’,

688 1577 741 1651 ότι
756 1583 775 1671 ἣ
792 1585 884 1663 οἰνάς
900 1585 957 1652 ἐὰν
973 1588 1128 1674 φαγοῦσα
1139 1584 1179 1652 τό
1193 1590 1249 1674 τῆς

689 1684 776 1763 ἰξίας
805 1691 938 1771 σπέρμα
967 1686 1026 1755 έπί
1046 1711 1138 1763 τινος
1161 1681 1246 1776 άφο-

690 1786 787 1874 δείσῃ
804 1788 949 1876 δένδρου,
974 1787 1063 1855 ἰδίαν
1080 1787 1168 1866 ἰξίαν
1186 1789 1246 1877 φά-

689 1892 801 1955 εσθαι.
845 1882 1119 1979 ΔαιφαχσςδὛ
1100 1915 1139 1961 εν
1161 1903 1247 1969 τοῖς

99 1983 259 2057 Ἰνδοὶδέ
288 2008 373 2081 φασι
349 1983 488 2084 λόγοι
509 2005 663 2066 περιστε-
691 1983 891 2068 Ἰνδικοῖς
880 2005 1006 2078 ιστορεῑ
1048 1976 1247 2078 περιστερὰς

104 2115 165 2179 ρας
181 2114 214 2156 εν
189 2058 510 2173 Ινδοιςγνεσθαι
524 2086 664 2173 μηλίνας
688 2092 770 2179 ιρλ
771 2115 829 2169 νας
862 2097 1019 2178 γίνεσθαι
1056 2092 1090 2159 έν
1123 2087 1247 2170 Ἰνδοῖς.

105 2190 283 2314 τὴνγρόαν.
299 2183 664 2277 ΧάρωνδὲόΛαμψα-
690 2191 814 2280 Χάρων
844 2190 924 2260 δὲ(
908 2192 1230 2284 οΛαμφακηνδς’
1217 2219 1247 2260 εν

106 2294 202 2385 κρνὸς
224 2294 302 2413 περὶ
324 2290 382 2358 τδν
403 2283 497 2356 Ἄθω
521 2291 665 2377 φανῆναι
689 2319 761 2373 τοις
770 2299 949 2382 Περσιιοις
959 2299 1038 2383 περί
1051 2296 1248 2382 Μαρδονίου

107 2393 307 2485 περιστερὰς
335 2391 449 2470 λευκὰς
480 2382 628 2477 λέγει,
610 2414 665 2455 θτε
692 2398 833 2484 ιστορων
855 2399 982 2463 καίτοι
970 2397 1249 2524 διαφθαρέντρς

109 2498 256 2567 ενταιθα
269 2489 445 2562 απιολοντο
459 2520 491 2559 αι
484 2494 666 2578 τωνΠερ
691 2501 833 2586 στρατοῦ
869 2502 1035 2585 Περσικοῦ
1076 2501 1156 2583 περὶ
1195 2497 1249 2566 τὸν

109 2604 176 2668 οων
204 2597 350 2684 τριήρεις
376 2593 666 2679 περικάμπτονσαι
691 2599 784 2665 Ἄθω
812 2598 934 2687 γράφει
956 2603 1011 2669 καὶ
1032 2603 1156 2668 ταῦτα·
1185 2597 1250 2667 ’καὶ

108 2699 167 2768 τδν
192 2695 296 2765 Ἄθω.
691 2703 803 2766 λευκαὶ
818 2702 1013 2787 περιστεραί
1027 2699 1104 2766 τότε
1116 2706 1251 2790 πρώτον

692 2801 739 2880 εἷς
752 2795 910 2890 Ἕλληνας
926 2799 1105 2890 ἐφάνησαν,
1130 2804 1253 2891 πρότε-

692 2928 749 2992 ρον
762 2896 798 2969 οὐ
810 2897 1017 2989 γιγνόμεναί.
1035 2900 1052 2970 5
1065 2896 1255 2989 δ’Άριστο·

691 3007 787 3094 τέλφς
808 3007 910 3093 φησὶν
932 3000 978 3083 ιδς
1000 3005 1035 3071 αἱ
1056 3009 1257 3096 περιστεραί

691 3112 889 3194 γιγνομένων
921 3109 987 3173 τιῦν
1021 3111 1165 3174 νεοττῶν
1200 3112 1256 3197 τῆς

695 3206 934 3296 ἁλμυριζούσης
960 3195 1018 3293 γῆς
1041 3208 1257 3300 διαμασησά-

693 3335 790 3394 μεναι
813 3309 1015 3393 ἐμπτύουσιν
1038 3304 1153 3388 αὐτοῖς
1171 3312 1257 3380 διοι-

693 3433 811 3497 γνυσαι
839 3408 876 3477 τὸ
902 3410 960 3478 στό
962 3438 1025 3497 μα,
1056 3411 1113 3479 διά
1135 3412 1256 3482 τούτου

694 3513 1004 3599 παρασκευάζουσαι
1027 3508 1145 3592 αὐτοὺς
1169 3515 1258 3603 πρός

113 3611 146 3679 έν
161 3606 268 3700 Ἐρυκι
285 3612 374 3678 δὲ
335 3637 432 3699 της
407 3613 517 3679 Σικελί
505 3617 567 3690 ίας,
568 3609 669 3676 ’ένθα
694 3611 753 3699 τὴν
780 3613 916 3702 τροφήν.
948 3640 1007 3703 τιγς
1036 3616 1072 3682 δὲ
1100 3621 1218 3687 Σικελί
1205 3625 1258 3696 ίας

113 3711 202 3780 ἐστὶν
232 3709 249 3780 5
278 3716 337 3800 τῆς
362 3709 561 3802 Ἀφροδίτας
589 3709 670 3788 νειδς
696 3712 729 3780 ἒν
750 3708 860 3799 Ἔρυκι
888 3717 1002 3804 καιρός
1028 3743 1080 3795 τις
1103 3717 1195 3786 ἐστιν
1219 3719 1256 3787 δν

114 3813 232 3898 σεμνός
247 3817 351 3881 τεκαὶ
370 3808 471 3901 άγιος,
488 3813 577 3880 λκατά
594 3839 670 3879 τινα
695 3817 850 3883 καλοῦσιν
869 3812 1066 3906 Ἀναγωγάς·
1083 3818 1116 3886 ἒν
1129 3813 1155 3906 ᾦ
1168 3843 1256 3909 φασι

112 3914 227 4001 καιρόν
250 3915 391 3982 θέουσιν
413 3916 445 3982 οἱ
456 3910 611 4002 Ἐρυκινοὶ
628 3913 669 3978 τὰ
695 3916 754 4002 τὴν
766 3917 848 3985 θεὸν
860 3916 1255 4011 είςΛιβόηνάνάγεσθαι.
