2714 4500
75 216 120 272 De
141 217 277 276 lontibus
296 220 392 290 quihus
403 221 533 277 Aelianus
551 222 578 276 in
591 221 669 276 uaria
680 221 793 278 historia
808 221 994 292 componenda
1005 237 1071 278 usus
1084 223 1126 278 sit.
1164 223 1201 281 21

755 330 785 361 Γ

53 384 249 477 Ἀναγιόγια
292 393 347 458 καὶ
389 393 521 478 λέγουσι
562 407 622 481 την
647 384 713 459 τότ’
751 418 807 458 ουν
838 393 872 458 αἱ
886 396 978 512 'aspi
1011 392 1068 459 τόν
1100 393 1207 464 τόπον

55 486 269 583 Ἀφροδίτην
297 491 330 571 ἐς
351 493 521 584 Λιβύην’
507 519 542 561 εκ
563 501 621 562 Σι-
647 488 895 582 περιστεραί’
878 507 1017 582 αφανεῑς
1049 503 1206 581 γίνονται,

51 597 166 674 κελίας
208 588 407 713 ἀνάγεσθαι.
451 595 526 663 τότε
564 623 621 664 ουν
648 591 694 672 ὥς
709 594 747 683 δὴ
764 597 1207 686 τῄθειόσυναποδημοῦσαι.

54 691 200 786 ἀφανεῖς
231 694 267 763 ἐκ
295 700 354 764 τοῦ
372 697 481 817 χώρου
505 699 539 766 αἱ
561 724 621 766 πε·
647 700 700 764 καὶ
723 691 800 781 μεθ
815 693 939 786 ἡμέρας
962 696 1101 782 iconiae,³
1087 725 1121 766 εν
1135 715 1207 780 τοις

55 801 209 886 ριστεραὶ
232 804 397 885 γίνονται,
428 792 541 885 ὥσπερ
565 787 621 868 οὗν
648 802 835 886 λεγομένοις
857 807 1103 887 Καταγωγίοις,
1126 807 1207 886 μιᾶς

55 904 93 989 τῇ
107 903 187 989 θεῷ
204 901 511 990 συναποδημοῦσαι.
537 903 621 969 κατά
647 907 946 991 προπετασθείσης
968 900 1002 969 ἐκ
1023 907 1083 970 τοῦ
1100 905 1207 971 πελά-

55 1027 89 1088 γε
103 1029 172 1091 μην
188 1028 252 1069 τον
267 1000 388 1070 λοιπον
399 1029 519 1091 χρονον
530 1030 621 1089 παμ
647 1028 724 1090 γους
752 1008 952 1092 περιστερᾶς
980 1008 1035 1072 καὶ
1069 1005 1117 1085 εἷς
1148 1005 1207 1074 τὸν

55 1104 141 1172 πολό
181 1129 217 1172 τι
251 1105 388 1207 πλῆθος
420 1107 523 1174 τιῦνιλε
555 1111 621 1174 τιῦν
648 1105 729 1174 νειὸν
750 1105 942 1195 εἰσπτάσης,
965 1115 1208 1196 παραγίνονται

55 1200 207 1325 ὀρνίθιον
239 1198 456 1287 ἐπιπολάζειν
482 1212 531 1296 τῷ
559 1235 620 1296 νειγ
647 1209 700 1274 καὶ
732 1235 767 1274 αι
757 1208 920 1275 ιλοιπαί.
898 1201 1025 1275 ίόσοι
1054 1197 1111 1279 οὖν
1131 1211 1208 1278 τότε

52 1313 107 1398 τῆς
129 1312 225 1376 θεοῦ
249 1304 469 1398 ὡμολόγηται.
648 1316 845 1397 περιουσίας
868 1335 902 1376 ευ
925 1303 1040 1400 ἥκουσι
1061 1338 1127 1379 των
1145 1338 1208 1379 πε-

648 1416 791 1497 ριοίκεον,
809 1405 1023 1495 εὐωχοῦνται·
1041 1438 1073 1480 οι
1064 1413 1125 1479 (δὲ
1137 1415 1208 1481 λοι-

647 1515 708 1579 ποὶ
737 1513 968 1600 κροταλίζουσι
989 1514 1072 1598 μετὰ
1093 1519 1208 1603 χαρᾶς.

648 1609 717 1694 όζει
739 1615 774 1681 δὲ·
795 1619 865 1694 πᾶς
884 1612 902 1683 ὁ
918 1616 1025 1695 τόπος
1038 1617 1114 1684 τότε
1128 1617 1208 1701 βοό-

647 1742 794 1805 τυρον,
779 1743 804 1781 ιο
830 1716 869 1806 δὴ
885 1724 1047 1807 τεκμηρίῳ
1063 1723 1209 1807 χριῦνται

647 1821 706 1906 τῆς
720 1824 780 1886 θεί
767 1825 820 1897 ίας
836 1817 1013 1887 ἐπανόδου.
1026 1815 1209 1922 Αότοκρό-

57 1914 210 2013 42OE
194 1905 475 2005 „dmum
479 1921 620 2008 λέγουσι
647 1945 716 2021 της
728 1913 797 1987 (λέν
819 1935 891 2003 τοῖς
902 1905 1071 2005 Ἀχαικοῖς
1072 1917 1185 1991 καὶ
1150 1950 1209 1991 τον

10 2022 146 2111 κλμ
170 2047 232 2087 και
247 2046 306 2088 τον
320 2014 443 2088 Δία
406 2047 506 2089 αυτον
520 2047 621 2107 μετα
647 2013 716 2088 Δία
748 2024 880 2149 ἱστορεῖ
915 2025 1114 2108 μεταβαλεῖν
1149 2024 1209 2114 τὴν

56 2126 171 2208 βαλεῖν
206 2120 268 2209 τὴν
296 2122 429 2211 μορφὴν
459 2121 492 2202 ἒς
523 2149 621 2212 περι·
646 2121 779 2211 μορφὴν
816 2122 863 2202 εις
900 2124 1100 2212 περιστερὰν
1133 2151 1210 2214 ερα-

58 2224 195 2312 στερόν,
231 2221 418 2310 ἐρασθέντα
446 2231 620 2314 παρθένου
648 2228 774 2291 σθέντα
785 2229 959 2312 παρθένου
974 2230 1090 2302 Φθίας
1101 2221 1208 2311 όνομα

59 2332 177 2404 Φθίας
190 2321 306 2412 ὄνομα.
327 2325 482 2415 ἒνΑίγίῳ
496 2322 621 2414 δὲιζόκει
647 2323 681 2391 ἓν
702 2324 826 2412 Αἰγίῳ.

57 2425 76 2516 ἡ
103 2433 204 2495 Φθία
227 2419 320 2516 αὕτη.

143 2617 182 2681 In
211 2621 323 2698 aperto
354 2623 402 2683 est
424 2617 641 2702 compilatoris
664 2617 770 2699 imago
794 2621 825 2680 et
847 2615 919 2700 ipsa
940 2616 1144 2699 argutissima
1166 2617 1207 2685 de

56 2738 94 2785 se
124 2718 216 2785 testis
246 2723 278 2784 et
305 2718 338 2783 in
360 2719 543 2785 uniuersum
565 2719 639 2785 talis
662 2718 765 2801 qualis
787 2737 808 2782 a
829 2717 996 2783 Perizonio
1019 2717 1208 2786 adumbrata
1235 2785 1236 2788 ,

57 2826 117 2887 est.
163 2818 267 2898 Quam
288 2825 394 2886 tamen
416 2821 512 2886 liceat
533 2819 614 2885 mihi
636 2823 700 2887 iam
721 2818 900 2886 accuratius
923 2817 1106 2903 depingere.

144 2937 298 3005 Aelianus
320 2937 480 3005 Athenaei
509 2939 618 3005 euadit
645 2945 676 3005 et
705 2939 859 3057 epitomat
860 2958 895 3003 or
924 2944 998 3004 etu
978 2939 1080 3004 utita
1102 2938 1206 3005 dicam

57 3040 247 3159 ermmr
284 3038 451 3130 Contraxit
473 3042 541 3108 eius
563 3041 693 3108 uerba
684 3041 840 3124 imprimis
861 3059 891 3104 u
905 3039 936 3104 h
956 3039 1049 3122 1,27‚
1073 3040 1127 3105 uhi
1150 3028 1248 3107 ho·r¹

56 3144 164 3209 mines
186 3161 328 3225 noraces‚
351 3141 537 3227 11‚411,ubi
559 3147 731 3225 potatores,
754 3142 878 3225 ΙΙΙ,1,5
900 3141 955 3207 ubi
970 3142 1115 3207 nationes
1131 3143 1206 3209 uino

58 3244 201 3326 deditae,
224 3243 265 3327 X,
282 3245 311 3326 6,
335 3191 391 3308 ubi
412 3191 557 3310 homines
579 3244 716 3326 graciles
740 3248 971 3309 enumerantur.
994 3238 1127 3307 Purum
1148 3264 1206 3327 pu·

58 3352 127 3410 tum
149 3343 386 3428 descriptorem
415 3365 449 3412 se
477 3345 611 3429 praebet
633 3345 746 3412 ceteris
767 3345 847 3410 locis
869 3344 917 3409 illi
939 3342 1066 3409 debitis.
1112 3345 1206 3436 Quod
1307 3370 1311 3376 “

58 3467 138 3536 uero
155 3467 270 3514 summu
260 3444 327 3510 ad
343 3447 411 3512 font
398 3452 446 3514 tes
462 3447 571 3513 uariae
587 3445 740 3513 historiae
756 3443 956 3529 indagandos
972 3445 1032 3511 erit
1042 3448 1205 3530 momenti,

58 3548 281 3615 confirmatum
300 3554 348 3614 est
363 3548 397 3613 id
406 3547 522 3651 ·qnod
514 3568 578 3614 ram
594 3547 777 3613 Perizonius
793 3546 885 3628 uidit,
908 3565 980 3611 enm
996 3544 1037 3610 de
1053 3564 1110 3611 sno
1126 3545 1206 3610 nihil

58 3649 227 3717 addidisse
255 3668 369 3714 rerum.
412 3629 614 3733 Quamquam
644 3656 716 3716 sunt
744 3649 881 3732 paucula
903 3646 1017 3729 quibus
1039 3645 1205 3713 Athenaeo
1293 3631 1301 3679 Γ

91 3718 334 3767 W

57 3771 221 3836 ooprosror
243 3751 293 3816 sit.
330 3732 423 3829 Quod
447 3753 531 3817 eninr
554 3752 631 3816 inu.
645 3751 675 3817 h.
691 3751 732 3834 ΙΙ,
749 3753 786 3812 41
804 3749 930 3832 legitur,
953 3747 1063 3813 Ionem
1078 3756 1206 3831 poetam
1260 3784 1264 3805 ι
1297 3756 1301 3778 ¹

56 3849 280 3939 patriauffsse
295 3851 419 3936 Chium,
442 3853 655 3918 Xenocratem
678 3852 776 3918 fuisse
792 3848 1053 3932 Chalcedonium‚
1077 3851 1205 3915 oraculo

56 3954 223 4040 Aegyptio
239 3953 324 4034 qnod
339 3960 531 4021 memoratur
545 3973 660 4020 nomen
676 3972 746 4020 esse
762 3953 853 4036 Bnto,
877 3950 952 4017 dein
968 3950 1053 4033 qnod
1068 3951 1101 4015 in
1116 3950 1173 4033 IX,
1187 3951 1205 4012 8

1269 3312 1295 3353 N.
