2714 4500
171 203 230 262 128
389 282 392 288 ἱ
631 175 710 261 nem
727 205 855 276 Rudolph

168 376 321 442 historiae
344 378 707 468 commentariorumque
719 415 721 420 ,
735 379 922 445 memoriam
949 379 1085 444 rettulit·
1099 380 1152 462 (Il,
1169 381 1211 442 38
1228 384 1268 445 et·
1279 381 1319 442 39

166 478 208 543 de
233 478 418 561 Polycrate,
447 479 505 562 ΙΠ,
525 480 562 543 19
582 486 614 546 et
635 483 691 562 20,
714 480 801 563 VIH,
818 482 883 562 12),
912 485 967 545 aut
995 479 1036 547 de
1059 479 1197 546 diuersis
1221 480 1319 546 rebus

167 585 334 662 utrumque
357 599 437 662 opus
459 581 574 661 iisdem
595 582 676 647 locis
698 581 843 647 laudauit
864 582 933 664 (IX,
950 584 1012 657 23).

252 678 344 757 Quae
362 700 433 748 cum
454 682 500 746 ita
522 683 594 766 sint,
617 682 780 766 Diogenes
802 683 836 746 in
859 677 1062 767 compilando
1084 687 1209 747 tantum
1224 682 1320 748 abest

167 789 202 848 ut
223 783 326 849 fontes
349 802 423 875 suos
444 784 580 867 perinde
607 782 912 869 atqueAthenaeus
940 785 1091 873 continuo
1118 781 1318 865 exhauserit,

165 890 201 949 ut
215 885 324 951 multis
339 885 481 968 undique
498 885 684 967 fragmentis
708 886 839 951 conexis
861 886 1010 951 fallacem
1032 885 1174 968 speciem
1198 884 1318 950 doctri·

167 1006 228 1051 nae
249 987 493 1070 sedulitatisque
514 987 678 1071 praebeat.
723 985 817 1052 Unde
840 986 1030 1053 efficiuntur
1045 987 1208 1052 maximae
1238 987 1317 1052 illae

167 1085 371 1154 difficultates
388 1088 503 1170 quibus
518 1088 735 1171 unusquisque
758 1089 790 1152 in
812 1094 958 1154 auctores
980 1089 1048 1154 cius
1071 1089 1236 1170 inquirens
1261 1089 1317 1154 de·

166 1188 293 1253 timetur.
327 1189 377 1256 Ne
392 1190 531 1255 Maassic
548 1188 678 1272 quidem
695 1189 828 1270 contigit
848 1195 883 1254 ut
906 1188 946 1254 de
961 1189 1121 1255 Fauorino
1140 1209 1198 1255 suo
1222 1209 1317 1272 prac-

166 1290 261 1372 cipuo
295 1291 451 1375 Diogenis
482 1291 570 1356 fonte
603 1290 749 1356 omnibus
785 1288 1003 1374 persuaderet.
1053 1291 1171 1357 Verum
1205 1297 1317 1358 tamen

166 1411 291 1457 summa
313 1412 423 1458 eorum
446 1412 529 1475 quae
552 1390 760 1475 comprobare
783 1392 889 1456 studet
907 1391 1125 1474 confirmatur;
1148 1394 1318 1459 reicienda

166 1499 238 1559 sunt
260 1513 342 1576 quae
365 1515 385 1559 a
406 1494 667 1559 Willamcwitnic
691 1493 721 1557 ei
744 1499 959 1575 opponuntur:

251 1595 521 1662 Proficiscendum
544 1600 593 1659 est
614 1613 635 1658 a
657 1593 828 1676 conspicua
850 1591 908 1659 illa'
933 1595 1185 1661 testimoniorum
1208 1599 1315 1681 copia,

167 1715 232 1778 qua
245 1696 333 1780 apud
347 1697 528 1780 Diogenem
551 1697 648 1760 etiam
669 1695 852 1760 lenissimae
875 1715 1021 1778 quaeque
1044 1696 1230 1763 historiolae
1254 1699 1317 1763 ful-

167 1796 300 1862 ciuntur.
344 1798 393 1863 Ac
416 1817 481 1862 non
510 1802 633 1861 tantum
660 1797 900 1861 accumulantur
927 1797 1061 1862 fontium
1090 1798 1224 1882 indicia,
1254 1801 1316 1866 sed

167 1896 304 1962 diuersis
325 1899 447 1981 passim
468 1896 676 1980 scriptoribus
700 1896 840 1962 laudatis
862 1898 1035 1964 auctoritas
1064 1901 1316 1983 uniuscuiusque

166 1998 338 2063 testimonii
354 1997 512 2080 definitur,
536 1999 820 2081 quaestionumque
835 1997 876 2063 de
892 1999 1007 2081 quibus
1022 2001 1105 2065 inter
1120 2000 1231 2067 doctos
1250 2023 1317 2067 non

49 2119 52 2124 ·
167 2100 333 2165 constabat
360 2101 526 2166 solnuntur
553 2099 768 2166 difficultates.
816 2098 907 2177 Quae
936 2101 1096 2166 scribendi
1125 2103 1177 2166 uel
1206 2105 1317 2187 potius

166 2201 442 2268 disserendiratio
458 2201 540 2268 adeo
563 2203 734 2285 singularis
758 2208 815 2284 est,
838 2208 874 2266 ut
895 2221 992 2266 unum
1015 2201 1215 2284 eundemque
1238 2226 1315 2272 auc·

166 2310 267 2369 torem
289 2304 414 2369 clamet.
458 2304 490 2370 Is
514 2309 581 2369 crat
603 2304 790 2369 Fauorinus.

251 2406 394 2470 Primum
409 2407 494 2470 enim
509 2405 627 2471 scimus
641 2404 726 2470 hunc
742 2410 773 2470 et
787 2405 893 2487 ipsum
914 2405 947 2468 in
969 2406 1197 2472 coaceruandis
1213 2410 1315 2492 scrip-

166 2512 270 2573 torum
299 2506 427 2572 indiciis
449 2506 511 2572 sibi
533 2506 709 2590 placuisse:
744 2506 795 2570 Di.
818 2507 874 2570 La.
890 2506 929 2587 V,
945 2510 982 2568 41
1009 2505 1049 2570 de
1072 2505 1315 2592 Theophrasto:

169 2612 412 2691 Φαβωρῖνος
435 2605 471 2671 δέ
494 2627 578 2693 φησι
598 2603 789 2692 γηράσαντα
813 2599 913 2670 αὐτὸν
935 2602 969 2670 ἐν
985 2610 1111 2692 φορείῳ
1134 2614 1316 2695 περιφέρε-

167 2712 268 2774 σθαι·
298 2709 355 2773 καὶ
376 2711 473 2773 τοῦτο
497 2709 602 2792 λέγειν
616 2698 853 2791 Ἕρμιππον
875 2709 1147 2793 παρατιθέμενον
1170 2709 1317 2794 ἱστορεῖν

166 2802 432 2894 Ἀρκεσίλαον
460 2805 518 2874 τδν
541 2815 727 2874 Πιταναῖον
757 2805 791 2872 ἓν
814 2806 865 2884 οἷς
892 2806 1016 2896 ἐ’ῳασκε
1045 2806 1131 2893 πρδς
1153 2810 1316 2899 Λακύδην

166 2909 224 2976 τὸν
247 2915 445 2997 Κυρηναῖον.
488 2910 586 2995 Apud
610 2912 780 2976 Aelianum
803 2911 880 2995 XII,
896 2913 936 2975 36
967 2911 1008 2976 de
1035 2932 1167 2978 numero
1195 2914 1314 2980 libero-

167 3034 236 3079 rum
257 3014 383 3080 Niobae
406 3013 607 3079 nominantur·
629 3013 802 3096 Homerus,
828 3013 944 3096 Lasus,
968 3013 1144 3095 Hesiodus,
1167 3015 1314 3099 Alcman,

166 3116 387 3197 Mimnermus,
417 3115 591 3196 Pindarus;
626 3115 658 3178 in
687 3115 881 3198 Protagorae
915 3114 1069 3198 inuentis,
1104 3134 1186 3196 quae
1216 3117 1313 3182 modo

166 3217 272 3283 lexico
298 3217 513 3282 Fauoriniano
542 3215 743 3298 addiximus,
771 3216 914 3281 Platonis
940 3219 1123 3300 Θεαίτητος
1145 3224 1176 3282 et
1200 3209 1313 3279 ntes-

167 3316 285 3402 δημυς,
309 3319 442 3400 Timon,
469 3316 688 3382 Artemidorus
711 3317 897 3383 dialecticus
921 3313 955 3380 ἐν
977 3319 1025 3400 τῳ
1047 3314 1133 3400 πρὸς
1155 3315 1314 3402 Χρύσιπ-

168 3441 251 3501 πον,
280 3419 468 3484 Aristoteles
491 3415 525 3480 ἐν
547 3419 595 3501 τῳ
618 3418 695 3501 περὶ
718 3415 892 3500 παιδείας,
915 3419 1087 3501 Epicurus,
1110 3419 1312 3503 Alcidamas;

166 3519 253 3602 apud
276 3520 455 3604 Diogenem
477 3520 526 3584 III
553 3522 591 3595 §§
611 3522 736 3582 26-35
767 3524 806 3594 (o.
823 3519 854 3584 h.
878 3540 902 3586 s.
918 3540 949 3584 u.
970 3516 1067 3605 χλεύη
1097 3521 1166 3586 siue
1196 3519 1314 3606 ἔχθρα)

168 3619 397 3706 Theopompus
426 3617 460 3684 ἐν
480 3614 674 3703 Ἡδυχάρει,
703 3621 950 3687 Anaxandridcs
979 3617 1013 3684 ἐν
1037 3624 1143 3707 Θησεῖ
1151 3672 1158 3704 ,
1187 3624 1312 3705 Timon,

166 3720 281 3786 Alexis
304 3718 337 3785 ἒν
355 3719 532 3806 Μεροπίδι
554 3727 586 3786 et
604 3712 808 3804 Ἀγκυλίωνι,
830 3721 966 3806 Amphis
989 3718 1023 3786 ἒν
1041 3714 1259 3808 Ἀμφικράτει
1284 3731 1315 3790 et

167 3818 390 3907 Δεξιδημίδῃ,
414 3822 560 3888 Cratinus
583 3817 617 3885 ἒν
644 3819 985 3908 Ψευδυποβολιμαίῳ),
1007 3826 1121 3891 Alexis
1144 3820 1177 3888 ἒν
1196 3814 1315 3906 Ὀλυμ-

168 3919 327 4006 πιοδιάρῳ
351 3930 382 3989 et
402 3926 596 4009 Παρασίτῳ,
619 3922 776 3989 Anaxilas
799 3920 832 3988 ἒν
848 3925 1054 4009 Βοτρυλίωνι
1068 3924 1122 3989 καί
1138 3928 1243 4011 Κίρκη
1260 3927 1313 3991 καί
