2714 4500
120 103 155 158 Dc
170 102 291 159 fontibus
309 103 405 172 quibus
418 102 547 158 Aeflanus
564 103 593 158 in
610 102 689 157 uaria
699 101 812 157 historia
824 101 1009 172 componenda
1020 118 1086 158 usus
1098 103 1142 159 sit.
1178 104 1217 161 91

161 275 255 342 Nune
269 281 375 342 autem
391 276 546 360 explicari
567 275 694 340 uidetur
715 275 770 357 qui
792 275 911 340 factum
933 275 983 359 sit,
1006 281 1041 340 ut
1062 277 1219 359 reliquiae

67 377 267 460 omnigenae
289 377 441 444 historiae
463 376 609 459 uestigiis
631 377 763 460 originis
779 376 960 460 Aegyptiae
982 378 1124 461 insignes
1146 379 1218 444 sint.

60 474 201 546 Etenim
217 480 407 563 memineris,
431 498 560 562 quaeso,
584 498 655 544 esse
666 478 788 543 Valerii
809 478 878 544 siue
893 478 1219 545 Pseudocallisthenis

58 578 129 648 l.I
150 589 247 666 caput
263 584 301 646 13
330 581 371 648 de
394 580 619 647 educatoribus
641 579 819 644 Alexandri
841 579 965 663 Magni,
994 600 1024 645 u.
1040 580 1071 645 h.
1088 581 1161 664 XII,
1180 585 1218 646 to

55 688 170 756 (omn.
187 683 261 749 hist.
277 704 301 750 s.
312 703 343 748 u.
360 682 554 768 ζηλοτυπία)
577 681 618 747 de
634 681 776 747 eiusdem
795 682 828 745 in
842 682 966 763 legatos
988 701 1063 748 suos
1085 683 1218 766 inuidia,

53 804 105 852 u.
121 786 153 852 h.
168 785 243 870 XII,
256 788 296 849 26
317 788 414 862 (omn.
430 784 504 850 hist.
520 804 545 849 s.
557 803 587 848 u.
603 783 815 859 ποτίσταται)
839 782 880 848 dc
895 784 1080 850 Alexandro
1096 789 1128 850 et
1143 784 1218 850 Pro·

51 891 126 956 tea
150 887 292 953 Lanicae
319 885 386 952 filio
414 886 629 970 potatoribus,
659 905 688 950 ιι.
706 884 736 950 h.
758 887 784 967 I,
803 887 905 949 1-13
935 887 1029 963 (omn.
1051 885 1123 952 hist.
1147 906 1171 951 s.
1188 906 1217 952 u.

52 983 153 1074 ζῷα)
177 1009 249 1054 cum
264 987 305 1054 de
320 988 394 1054 aliis
414 987 606 1053 animalibus
627 994 694 1052 tum
717 986 759 1052 de
780 987 867 1052 ranis
888 992 920 1052 et
942 987 1074 1054 canibus
1089 989 1218 1072 Aegyp-

49 1093 140 1175 tiis,
163 1111 195 1156 ιι.
212 1089 243 1155 h.
258 1090 316 1174 IX,
334 1092 374 1154 39
397 1094 491 1165 (omn.
506 1088 581 1155 hist.
596 1109 620 1155 s.
633 1109 663 1154 u.
680 1084 883 1172 παράδοξος)
906 1088 946 1154 de
968 1089 1107 1155 absurdo
1130 1091 1218 1156 canis

48 1195 124 1261 uel
140 1193 253 1258 arietis
268 1191 321 1256 uel
343 1191 466 1256 anseris
488 1210 597 1257 amore
619 1192 652 1255 in
667 1189 819 1274 Glaucen,
844 1210 939 1273 quam
962 1191 1098 1257 amicam
1112 1191 1218 1256 Ptole-

46 1297 155 1362 maei
171 1292 380 1378 Philadelphi
402 1292 499 1358 fuisse
522 1312 564 1358 ex
586 1291 616 1356 h.
632 1293 810 1376 a.VHl,11
835 1293 1053 1375 comperimus.
1089 1291 1220 1359 Scilicet

47 1397 237 1482 Aegyptia
258 1395 318 1461 fuit
339 1393 520 1477 Pamphila.

157 1498 258 1565 Aliud
287 1496 431 1563 eiusdem
460 1496 507 1560 rei
539 1494 762 1560 documentum
790 1495 1015 1576 grauissimum
1043 1497 1150 1562 nescio
1177 1517 1219 1562 an

47 1601 248 1687 petendum
265 1600 307 1665 sit
322 1617 364 1663 ex
379 1596 554 1681 Stephano.
590 1598 622 1662 Is
645 1598 731 1663 enim
752 1618 777 1664 s.
793 1617 845 1663 uu.
861 1589 1020 1681 Ἄρνιλος,
1042 1588 1219 1683 Αὐταριᾶ-

50 1724 142 1784 ται,
163 1694 333 1776 Ὠκεανός,
356 1695 564 1776 Χελιδόνιοι,
591 1695 800 1784 Τετράττολις
821 1699 941 1783 apertis
964 1700 1070 1766 uerbis
1093 1723 1218 1765 τταντο-

54 1801 186 1890 ὁαντὴν
203 1802 351 1887 ἱστορίαν
374 1807 614 1884 commemorat,
636 1801 831 1868 Fauorinum
852 1802 927 1867 libri
949 1802 1077 1868 nomine
1100 1804 1218 1871 omisso

51 1928 93 1975 S.
110 1929 167 1974 uu.
183 1902 338 1988 Αἰθίοψ,
357 1893 465 1987 Ἀκτή,
483 1894 676 1987 Ἀραχωτοί,
700 1903 875 1981 Βισαλτία,
899 1900 1086 1989 Βόσπορος,
1110 1909 1218 1991 Κρεμ-

51 2006 180 2089 μοαίν,
211 2002 415 2092 Σφακτήρια.
460 2005 632 2070 Praeterea
654 2004 696 2069 ad
719 2006 920 2087 omnigenam
943 2004 1109 2072 historiam
1132 2028 1218 2075 rece·

52 2113 148 2178 dere
179 2128 262 2192 quae
290 2109 323 2172 in
346 2104 502 2189 Stephani
524 2108 664 2191 epitome
687 2114 814 2173 exstant
839 2128 863 2174 s.
885 2128 937 2173 uu.
960 2111 1125 2186 Βοιωτία,
1148 2107 1218 2173 Αί-

48 2211 211 2295 γύπτος,
246 2205 432 2293 Κόρινθος,
462 2198 636 2289 Ἠμαθία,
670 2207 824 2291 Αίμονία
856 2209 1028 2276 Nietnsche
1062 2210 1217 2295 ostendit;

53 2315 213 2397 denique
227 2312 327 2378 uerba
341 2329 409 2376 s.·u.
421 2300 670 2392 Ἀλεξάνδρειαι
692 2311 734 2377 ad
749 2311 901 2378 Fauorini
922 2311 1039 2376 librum
1058 2311 1218 2393 quendam

54 2415 147 2500 περὶ
177 2413 384 2498 Κυρηναϊκῆς
413 2408 545 2488 πόλεως
573 2413 607 2476 in
637 2412 830 2479 editionibus
859 2413 962 2478 relata
989 2413 1125 2495 Marres,
1156 2413 1217 2480 hoc

56 2519 163 2584 titulo
179 2516 296 2598 deleto,
320 2514 363 2580 ad
382 2513 519 2580 cundem
541 2515 661 2580 fontem
684 2534 779 2597 quem
801 2514 871 2580 dixi
893 2515 1013 2598 optimo
1036 2516 1104 2580 iure
1126 2534 1217 2581 reuo-

56 2626 120 2686 cat
133 2621 165 2698 ¹).
199 2618 318 2684 Verum
332 2636 414 2699 quae
429 2615 559 2681 tandem
580 2621 628 2682 est
650 2619 731 2682 ratio
754 2618 954 2700 epitomes
976 2614 1217 2701 Pamphilae

55 2720 389 2802 Fauorinianae,
415 2737 498 2800 quae
519 2720 620 2784 semel
641 2711 849 2794 au‘Porcetg
871 2719 1119 2796 memoratur?²)
1156 2712 1242 2785 na?
1300 2729 1301 2733 ’

60 2825 217 2890 uorinum
237 2820 360 2887 discere
382 2819 531 2885 uidemur
551 2839 620 2886 rem
642 2820 892 2904 geographicam
915 2821 1039 2888 duobus
1061 2822 1161 2905 libris,
1185 2829 1217 2888 et

64 2925 243 3006 omnigena
264 2921 398 2988 historia
421 2927 452 2987 et
474 2919 536 2987 hac
558 2924 699 3006 epitome
722 2923 883 3006 attigisse,
912 2943 1018 3006 neque
1041 2929 1107 3007 est,
1130 2924 1217 3006 quod

64 3025 102 3091 in
123 3023 187 3090 hoc
210 3022 341 3106 quidem
363 3022 572 3089 offendamus.
615 3024 715 3107 Atqui
738 3023 935 3109 Stephanum
962 3032 1095 3106 utraque
1124 3043 1216 3089 usum

67 3147 151 3210 esse,
174 3131 271 3207 atqne
293 3126 338 3191 ita
357 3121 497 3207 quide'm,
520 3131 556 3190 ut
577 3127 713 3192 alteram
734 3126 933 3209 saepissime,
956 3124 1090 3191 alteram
1112 3144 1217 3209 paene

66 3246 242 3310 numquam
257 3233 452 3310 excerperet,
475 3247 550 3291 num
569 3234 618 3293 est
636 3225 814 3293 credibile?
850 3226 953 3292 Immo
975 3246 1052 3292 uero
1075 3228 1215 3310 omnige-

69 3349 144 3394 nam
166 3327 332 3393 historiam
355 3327 396 3393 de
417 3327 508 3393 libris
523 3328 674 3394 Fauorini
697 3329 799 3394 solam
815 3329 845 3393 ei
861 3326 998 3392 Ethnica
1012 3332 1216 3412 componenti

70 3430 113 3496 ad
133 3449 263 3495 manum
285 3429 383 3494 fuisse
405 3429 439 3493 in
460 3436 609 3512 promptu
626 3436 682 3496 est.
718 3429 831 3511 Itaque
853 3430 881 3494 si
903 3429 1035 3511 quidem
1056 3430 1090 3494 in
1110 3429 1215 3513 philo·

72 3532 158 3616 logia
181 3530 361 3597 exercenda
382 3531 465 3596 ullus
488 3531 576 3596 locus
600 3539 648 3597 est
670 3529 855 3613 diuinandi,
883 3550 935 3596 res
963 3531 1008 3596 ita
1030 3551 1065 3597 se
1092 3531 1216 3619 habuit,

155 3768 180 3830 1)
197 3762 267 3818 Vide
284 3778 343 3832 cap.
353 3763 426 3819 XVI.

156 3852 182 3912 2)
201 3846 242 3900 Of.
255 3861 368 3915 eaquae
383 3848 417 3902 ad
430 3866 456 3903 u.
469 3843 567 3902 Ῥοπαῖς
579 3864 596 3903 a
608 3848 742 3903 Meinelrio
760 3849 788 3903 in
806 3848 868 3904 edit.
883 3848 975 3919 Steph.
995 3849 1126 3926 adnotata
1143 3860 1215 3909 sunt.
