2714 4500
133 267 177 322 De
193 267 316 323 fontibus
328 267 425 338 quihus
434 267 564 321 Aelianus
578 266 607 320 in
620 266 699 321 uaria
714 264 829 320 historia
843 264 1028 334 componenda
1042 281 1107 320 usus
1123 265 1166 319 sit.
1196 264 1256 323 125

106 434 233 528 ’ἄδηλον
249 438 285 504 δὲ
305 451 406 504 ποῖον
422 434 510 514 εἶδός
532 435 603 504 ἐστι
625 440 803 523 ποτηρίου·
826 425 846 522 ἢ
868 437 938 500 πᾶν
960 433 1121 522 ποτήριον
1142 437 1257 524 κελέβη

108 542 259 607 καλεῖται
290 534 358 606 ἆπδ
388 542 447 605 τοῦ
472 543 560 621 χέειν
589 537 637 615 εἷς
666 531 745 602 αὐτὸ
776 535 835 623 τὴν
865 534 981 622 λοιβὴν
1006 526 1027 622 ἢ
1053 534 1090 604 τδ
1116 539 1256 622 λείβειν·

105 645 208 721 τοῦτο
225 635 257 706 δ’
277 640 335 707 ἐπὶ
357 644 417 707 τοῦ
438 637 537 727 ὑγροῦ
561 640 716 727 συνήθως
738 638 883 718 ἐ’ταττον,
908 631 970 725 ἀφ’
990 633 1028 705 οὗ
1052 640 1180 723 λέγεται
1203 643 1259 706 καί

109 740 128 810 δ
153 745 259 831 λέβης.
297 742 493 831 Σειληνὸς
516 743 557 808 δὲ
579 744 645 808 καὶ
661 741 913 826 Κλείταρχος
935 737 1013 817 τοὺς
1027 739 1169 817 Αἰολεῖς
1191 766 1259 829 φα-

110 867 165 912 σιν
188 837 273 911 οὕτω
299 847 410 911 καλεῖν
432 842 470 910 τδ
494 843 666 931 ποτήριον.
709 836 934 929 Πάμφιλος
964 840 1000 906 δὲ
1029 839 1066 906 τό
1097 841 1259 928 ποτήριον

108 946 346 1033 θερμοποτίδα
367 947 570 1032 καλουμένην
591 944 650 1033 την
672 946 806 1032 κελέβην
828 939 924 1010 εἶναι.
962 944 1199 1030 Νίκανδρος
1222 939 1255 1010 δ’

109 1043 128 1114 ό
154 1047 426 1135 Κολοφώνιος
449 1047 482 1114 έν
504 1061 579 1125 ταῖς
599 1041 767 1133 γλώσσαις
789 1043 984 1129 ποιμενικὸν
1007 1038 1137 1131 όμμεῑον
1164 1048 1259 1130 μελι-

108 1146 211 1237 τηρδν
232 1146 292 1235 τὴν
314 1151 448 1238 κελέβην
471 1146 567 1216 εἶναι.
600 1151 656 1215 καὶ
677 1147 739 1234 γὰρ
757 1142 1002 1231 Ἀντίμαχος
1024 1142 1041 1213 ὁ
1060 1148 1259 1236 Κολοφώ-

110 1275 201 1328 νιος
223 1248 257 1317 ἐν
280 1255 425 1337 πέμπτην
450 1250 619 1339 Θηβαίδος
642 1257 727 1339 φησί
747 1252 815 1316 κτλ.

197 1355 245 1419 ΧΙ
267 1375 293 1420 c.
306 1356 346 1418 56
369 1375 400 1439 p.
414 1356 519 1421 Auso:
549 1356 786 1419 ΚΟΊΥΛΟΣ.
815 1350 857 1417 τὰ
878 1350 1013 1435 μόνωτα
1034 1351 1182 1438 ποτήρια
1203 1351 1259 1418 κό-

108 1456 220 1536 τυλοι,
251 1448 297 1519 ιόν
320 1456 374 1520 καὶ
394 1447 583 1532 Ἀλκαῖος
604 1453 812 1541 μνημονεύει.
855 1451 1073 1539 Διόδωρος
1096 1446 1129 1517 δ’
1156 1450 1189 1519 ἓν
1211 1457 1260 1540 τηῖ

109 1554 199 1641 πρὸς
220 1555 427 1643 Λυκόφρονα
450 1555 544 1641 παρὰ
560 1561 755 1631 Σικυωνίοις
775 1555 832 1620 καὶ
851 1560 1069 1640 Ταραντίνοις
1091 1551 1259 1621 ἐπιπολά-

110 1657 179 1737 ζειν
201 1660 285 1746 φησὶ
305 1655 343 1723 τὸ
367 1656 521 1741 έκπωμα,
551 1652 636 1723 εἶναι
660 1656 696 1721 δὲ
719 1648 798 1722 αότδ
823 1656 987 1744 λουτηρίῳ
1010 1654 1117 1733 ἐοικός
1143 1661 1259 1739 βαθεῖ.

110 1758 179 1840 ἐ’χει
194 1758 300 1825 δὲκαὶ
316 1744 372 1834 σός
393 1757 514 1845 ἐνιαχῇ.
548 1756 744 1846 μνημονεύει
761 1757 796 1822 δὲ
812 1750 914 1823 αὐτοῦ
935 1759 991 1823 καί
1006 1752 1099 1824 Ἴων
1121 1753 1139 1824 ό
1157 1765 1259 1837 Χῖος

110 1859 249 1927 κότυλον
272 1860 362 1927 σ’ίνου
386 1863 498 1927 πλέων
521 1863 634 1946 λέγων.
663 1853 904 1947 Ἕρμιππος
926 1852 959 1924 δ’
979 1857 1013 1925 έν
1035 1865 1132 1938 θεοῖς

190 1961 247 2027 τόν
269 1987 306 2028 τε
327 1962 463 2029 κότυλον
486 1966 621 2048 πρῶτον
642 1955 751 2049 ἤνεγκ’
771 1959 919 2048 ἐνέχυρον
940 1964 1007 2027 τῶν
1028 1960 1194 2048 γειτόνων.

110 2066 166 2128 καὶ
182 2064 357 2131 Πλάτων
379 2062 413 2130 ἐν
428 2066 488 2130 Διὶ
510 2068 700 2148 κακουμένην
719 2059 791 2128 ίτόν
813 2061 950 2129 κότυλον
973 2057 1081 2150 φέρετ’
1101 2067 1183 2152 φησὶ
1204 2066 1261 2130 καὶ

106 2159 415 2253 Ἀριστοφάνης
438 2163 471 2231 έν
494 2166 732 2248 Βαβυλωνίοις.
766 2159 974 2246 Εὔβουλος
997 2164 1033 2229 δὲ
1055 2161 1089 2230 έν
1106 2159 1261 2232 Ὀδυσσεῖ

109 2257 132 2348 ἢ
154 2266 355 2343 Πανόπταις

722 2344 739 2414 ό
765 2342 796 2413 δ’
825 2346 931 2434 ἱερεὺς
953 2342 1117 2436 εόηγορων

234 2452 267 2519 ἐν
289 2457 406 2536 μέσοις
429 2444 578 2519 αότοῑσιν
601 2448 706 2527 ἑστώς
727 2448 786 2537 την
807 2448 909 2536 καλην
932 2449 1048 2536 σκευὴν
1071 2449 1152 2532 έχων

233 2551 323 2621 οἶνον
345 2553 521 2633 ἐξέσπενδε
541 2551 678 2638 κοτύλην.

112 2672 336 2760 Πάμφιλος
359 2673 395 2739 δὲ
409 2678 573 2761 ποτηρίου
590 2672 692 2759 φησὶν
708 2666 795 2736 εἶναι
809 2673 912 2754 γένος,
932 2667 1019 2734 ἰ’διον
1036 2661 1067 2734 δ’
1079 2664 1165 2736 εἶναι
1176 2676 1259 2738 Διο-

112 2774 222 2841 νόσου.
260 2776 461 2858 Πολέμων
484 2767 516 2839 δ’
535 2772 569 2840 έν
585 2777 633 2858 τῴ
656 2774 737 2857 περὶ
758 2773 818 2836 τοῦ
831 2776 918 2837 Δίου
940 2770 1062 2857 κφδίου
1085 2777 1171 2859 φησί
1191 2775 1259 2839 κτλ.

113 2878 296 2944 Ceterorum
320 2879 462 2943 locorum
484 2880 518 2943 in
540 2878 655 2961 quibus
677 2876 720 2941 ad
742 2875 947 2960 Pamphilum
972 2883 1164 2960 prouocatur
1186 2897 1259 2943 oon-

112 2981 197 3046 dicio
219 3000 284 3045 non
305 2979 435 3044 diuersa
457 2986 513 3045 est.
558 2980 628 3044 Iam
650 2978 692 3044 ad
714 2976 933 3059 indagandum
961 2997 1073 3043 uerum
1096 2983 1258 3044 auctorem

112 3083 225 3147 talium
240 3081 539 3147 commentationum
552 3100 617 3145 non
632 3080 760 3163 singula
775 3079 890 3162 quibus
912 3098 1058 3161 quaeque
1081 3079 1260 3144 continetur

112 3184 302 3266 scriptorum
324 3183 506 3247 testimonia
527 3183 624 3246 anxio
650 3180 797 3246 rimanda
819 3186 906 3262 sunt,
936 3178 995 3245 sed
1022 3178 1085 3245 hoc
1108 3198 1188 3262 opus
1211 3187 1260 3246 est

114 3303 276 3366 quaerere,
299 3284 370 3365 quis
386 3284 506 3367 primus
521 3288 604 3347 totas
619 3283 897 3348 consarcinauerit.
934 3281 1130 3364 Neutiquam
1146 3282 1174 3346 is
1190 3289 1260 3347 erat

112 3383 297 3451 Athenaeus
312 3388 391 3469 ipse.
424 3385 509 3467 Ergo
525 3384 666 3467 cogitant
681 3383 722 3448 de
738 3382 918 3467 Pamphilo,
937 3383 1058 3465 quippe
1073 3384 1128 3465 qui
1144 3389 1176 3448 et
1191 3382 1259 3446 λει-

112 3487 207 3567 μῶνα
230 3487 402 3569 scripserit,
425 3485 542 3550 librum
561 3503 739 3551 sermonum
757 3485 972 3549 conuiualium
994 3484 1203 3567 simillimum,
1227 3480 1259 3550 et

113 3607 211 3671 saepe
225 3588 258 3651 in
273 3585 324 3653 his
340 3592 611 3670 commemoretur,
635 3593 668 3652 et
684 3587 798 3651 ceteris
821 3587 876 3668 qui
898 3586 944 3651 ibi
965 3587 1169 3653 nominantur
1185 3606 1259 3652 auc-

113 3689 234 3755 toribus
249 3689 291 3754 ad
307 3694 452 3770 tempora
466 3685 625 3753 Athenaei
646 3687 779 3770 propius
794 3687 973 3754 accesserit.
1007 3687 1048 3752 Et
1070 3707 1134 3770 quo
1155 3689 1259 3755 minus

113 3809 194 3874 opus
217 3788 304 3872 quod
324 3789 353 3854 is
375 3787 452 3872 περὶ
469 3787 628 3870 γλωσσῶν
643 3788 697 3852 καὶ
714 3779 887 3870 όνομότων
910 3789 1089 3871 composuit
1110 3789 1152 3854 ad
1175 3788 1258 3855 deri·

113 3890 236 3956 uandas
259 3892 336 3956 istas
358 3889 510 3956 similium
532 3908 637 3955 rerum
652 3891 906 3956 enumerationes
920 3888 1089 3955 Athenaeo
1111 3891 1259 3975 proprias

113 3992 270 4075 applicari
293 3993 404 4077 debet,
432 4011 472 4058 eo
495 3989 704 4056 confidentius
732 3992 803 4074 ipse
830 3992 886 4058 illc
917 3985 1039 4073 λειμών
1067 3993 1259 4076 praecipuus
