2714 4500
88 222 132 277 De
150 221 275 278 tontibus
292 223 389 291 quibus
401 221 531 278 Aehanus
547 223 576 276 in
593 222 671 278 uaria
688 221 800 278 historia
813 222 997 292 componenda
1008 237 1074 278 usus
1086 223 1129 277 sit.
1165 221 1203 281 4⁷

58 403 91 464 et
105 396 244 462 Platone
266 396 299 460 in
320 414 452 462 numero
474 401 693 479 portentorum
713 415 744 460 u.
760 393 791 459 h.
807 395 880 478 XII,
898 399 938 459 45
961 401 993 460 et
1015 396 1055 459 46
1079 414 1205 461 enume-

58 504 203 565 ratorum
224 497 362 581 repetita
383 503 441 564 est.
484 498 659 581 Periclem,
688 517 760 564 cum
781 498 888 579 legem
909 497 1049 580 tulisset,
1072 516 1113 562 ne
1135 497 1206 578 quis

59 601 135 667 loco
159 599 239 666 ciuis
262 597 443 682 haberetur,
464 599 527 665 nisi
550 599 605 682 qui
619 605 754 681 utroque
769 605 902 683 parente
918 599 988 665 ciue
1003 603 1096 664 natus
1111 603 1205 680 esset,

57 700 137 767 filiis
164 701 318 783 legitimis
344 701 478 766 mortuis
508 707 540 766 et
563 699 673 767 nothis
695 700 773 767 solis
795 701 1018 784 superstitibus
1041 699 1106 765 uim
1129 718 1206 764 suae

58 804 145 886 legis
166 803 274 885 ipsum
295 802 433 868 sensisse
456 803 489 866 in
509 802 619 883 VI,10
643 822 701 886 per
722 821 758 868 se
781 806 895 886 exstat,
918 803 952 868 in
965 803 1055 886 XIII,
1072 804 1113 865 24
1135 819 1207 866 cum

59 904 231 970 similibus.
265 903 437 970 Praeterea
459 903 498 969 cf.
513 924 544 969 u.
557 902 588 968 h.
604 903 658 988 VI,
676 907 711 966 11
730 909 763 969 et
776 903 866 987 XIII,
884 907 922 968 37
946 904 988 970 de
1003 905 1141 988 Gelone3
1163 903 1205 983 Π,

58 1008 78 1069 6
103 1011 138 1071 et
158 1004 245 1087 XIV,
270 1006 298 1088 8,
322 1007 340 1067 2
363 1004 404 1071 de
426 1003 660 1090 Hippomacho.

149 1103 309 1182 Quoniam
336 1113 483 1173 auctores
503 1100 646 1173 Aeliani
660 1126 897 1190 nonnumquam
919 1108 952 1172 in
973 1107 1090 1174 iisdem
1111 1108 1208 1174 rebus

62 1213 209 1275 uersatus
238 1227 308 1274 esse
337 1209 501 1291 appamit,
529 1209 624 1273 alteri
653 1210 825 1274 alterorum
854 1209 953 1274 libros
981 1208 1130 1275 uidentur
1152 1228 1207 1275 ex-

61 1310 240 1392 scripsisse.
274 1309 397 1393 Neque,
420 1310 448 1376 si
470 1328 521 1376 res
544 1311 590 1375 ita
611 1309 769 1393 sehabet,
792 1310 924 1376 dubium
938 1318 996 1391 est,
1019 1311 1096 1392 quin
1110 1312 1138 1376 is
1153 1311 1208 1392 qui

61 1409 144 1476 illud
170 1411 310 1475 lexicum
340 1412 519 1494 composuit
548 1413 699 1495 exempla
725 1431 783 1477 sua
805 1431 847 1477 ex
868 1412 1105 1478 commentariis
1128 1430 1208 1493 quos

62 1513 243 1595 cogitamus
273 1513 478 1595 excerpserit.
522 1514 677 1579 Aelianus
699 1514 811 1597 igitur,
841 1533 912 1579 cum
934 1513 1131 1578 narrationes
1153 1531 1207 1595 ge-

60 1614 177 1679 mellas
199 1611 361 1696 exhibeat,
386 1614 449 1679 illis
471 1614 562 1679 libris
585 1615 767 1697 promiscue
782 1620 814 1681 et
828 1615 931 1681 libere
946 1613 1134 1697 conscriptis
1150 1611 1206 1677 du-

60 1716 142 1799 plici
163 1715 286 1780 ratione
301 1734 376 1781 usus
393 1721 453 1780 est:
477 1721 509 1781 et
524 1716 603 1799 ipsis
619 1723 651 1781 et
665 1735 724 1799 per
737 1716 1002 1801 lexicographum
1018 1734 1111 1798 quem
1128 1713 1207 1779 dixi.

358 1900 450 1965 VIII.
483 1899 598 1963 Fontes
620 1903 917 1984 circumspiciuntur.

149 2018 220 2083 Iam
248 2037 324 2086 uero
355 2019 440 2091 erbis
469 2025 633 2087 auctorum
661 2021 789 2086 Aeliani
819 2024 1045 2106 angustIssime
1076 2021 1208 2087 circum-

64 2123 203 2206 scriptus
232 2128 288 2187 est.
339 2120 462 2187 Pendet
490 2122 573 2187 enim
604 2122 695 2186 uaria
723 2120 858 2189 historia
887 2144 928 2190 ex
957 2124 1048 2189 libris
1077 2122 1209 2188 Graecis

64 2223 245 2308 argumenti
268 2223 470 2288 uersicoloris
493 2222 679 2307 deperditis,
707 2225 761 2306 qui
784 2224 913 2306 quidem
936 2229 1010 2308 post
1030 2224 1209 2306 Augustum

65 2328 119 2392 ucl
148 2325 255 2410 potius
283 2324 341 2391 sub
365 2323 522 2390 Hadriani
543 2325 713 2408 imperium
734 2324 870 2391 confecti
893 2327 971 2408 sint,
1001 2323 1087 2407 quod
1109 2342 1209 2407 genus

64 2427 228 2494 scribendi
250 2446 267 2493 e
289 2425 487 2510 praefatione
503 2425 602 2492 Gellii
624 2426 701 2492 satis
723 2431 832 2492 notum
848 2433 906 2493 est.
941 2428 1054 2508 Itaque
1069 2425 1111 2491 ad
1126 2423 1210 2490 hanc

66 2529 287 2612 quaestionem
308 2527 472 2595 admoueri
494 2535 627 2612 possunt
649 2526 811 2612 Pamphili
824 2531 855 2612 ¹),
878 2528 933 2611 qui
956 2528 1041 2594 circa
1062 2545 1162 2592 annos
1177 2546 1209 2609 p.

65 2630 101 2697 (l.
124 2651 155 2695 n.
180 2632 326 2694 50—100
349 2631 467 2714 uiguit,
498 2626 633 2714 λειμών,
662 2628 869 2714 Pamphilae,
895 2649 978 2712 quae
1000 2629 1058 2696 sub
1081 2629 1210 2693 Nerone

65 2731 189 2816 floruit,
220 2726 368 2817 ἱστορικὰ
392 2723 615 2817 ὑπομνήματα
624 2733 665 2815 2);
695 2730 736 2796 de
758 2731 849 2798 libris
871 2731 1123 2798 admemoriam
1145 2729 1209 2794 Ha·
1281 2784 1282 2787 .

66 2833 173 2898 driani
190 2834 379 2900 reuocandis
390 2833 535 2901 Philonis
547 2833 655 2918 Byblii
670 2833 749 2912 περὶ
759 2835 1068 2919 χρησταμαθειάςῧ),
1084 2831 1210 2916 Cepha·

65 2935 380 3026 lionisMorieaei),
412 2933 551 3019 Telephi
578 2935 769 3019 Pergameni
795 2935 931 3022 ποικίλη
955 2935 1209 3022 primaeuae),

64 3036 220 3119 Fauorini
234 3037 432 3103 Arelatensis
455 3029 781 3123 ἀπομνημονεύματα
804 3043 836 3103 et
850 3033 1050 3122 παντοδαπὴ
1068 3035 1209 3120 ἱστορία,

64 3137 208 3204 Herodis
218 3138 318 3204 Attici
333 3135 539 3225 ἐφημερίδες,
556 3135 743 3223 ἐγχειρίδια,
759 3141 921 3222 καίρια6);
938 3160 979 3206 ex
994 3144 1100 3206 aetate
1110 3137 1211 3203 Marci

64 3239 243 3305 Nicostrati
257 3239 443 3306 Macedonis
466 3237 654 3320 δεκαμυθία
678 3246 709 3305 et
730 3239 976 3324 πολυμαθία),
999 3261 1040 3306 ex
1055 3241 1210 3324 posterio-

63 3341 156 3406 ribus
179 3345 214 3405 ut
235 3340 361 3406 uidetur
383 3341 580 3424 temporibus
595 3341 772 3407 Alexandri
788 3342 985 3408 Cotiaeensis
1008 3339 1209 3429 παντοδαπὴ

61 3432 170 3528 dieb.
208 3442 388 3526 Praeterea,
412 3462 612 3526 quocumque
634 3444 776 3508 animum
792 3444 944 3526 conuerti,
967 3444 1088 3508 nullam
1102 3444 1211 3511 inueni

155 3628 179 3690 1)
199 3625 238 3680 cf.
259 3624 290 3678 L.
309 3624 424 3679 Urlichs.
443 3625 471 3679 in
489 3641 557 3680 mus.
576 3625 662 3679 Rhen.
681 3641 708 3678 n.
727 3624 791 3680 XVI
809 3643 835 3695 p.
851 3629 908 3679 247.

151 3715 178 3776 2)
196 3709 320 3763 Mueller.
338 3708 459 3778 fragmm.
477 3709 539 3763 hist.
560 3709 655 3764 Graec.
675 3710 716 3762 ΙΙΙ
733 3726 760 3778 p.
780 3713 837 3763 520.
907 3713 933 3774 3)
950 3710 1018 3765 Ibid.
1038 3728 1063 3780 p.
1084 3717 1141 3767 560.

152 3800 179 3857 4)
197 3792 267 3848 ibid.
285 3809 312 3861 p.
332 3796 390 3847 625.
470 3798 495 3860 5)
511 3793 579 3847 Ibid.
598 3809 625 3862 p.
639 3798 698 3849 634.
769 3799 796 3857 6)
814 3793 941 3849 Philostr.
957 3812 983 3850 u.
998 3811 1019 3850 s.
1039 3797 1074 3862 ΙΙ,
1089 3803 1101 3852 1
1120 3814 1146 3867 p.
1163 3803 1214 3855 244

59 3888 89 3938 et
107 3879 186 3937 Suid.
207 3893 229 3933 s.
246 3893 272 3930 u.
290 3872 416 3948 Ἡρώδης.

152 3971 179 4031 l)
198 3960 273 4016 Suid.
293 3975 314 4014 s.
333 3977 359 4015 u.
430 3965 455 4027 8)
472 3961 564 4030 Steph.
583 3977 605 4017 u.
624 3980 649 4017 u.
669 3961 822 4015 Κοτιάειον.
