2714 4500
80 240 111 292 to
129 237 254 293 fontibus
273 240 369 308 quibus
381 239 512 294 Aelianus
527 239 555 293 in
567 239 645 293 uaria
656 240 770 295 historia
783 241 968 310 componenda
982 260 1048 300 usus
1064 243 1105 298 sit.
1143 244 1184 302 83

80 413 194 497 rilegia
224 413 447 498 componenda
475 412 579 478 uideri
612 413 773 496 potuerint
806 414 923 479 idonei.
972 416 1008 479 ln
1038 436 1100 498 quo
1131 437 1185 483 ex·

80 522 122 580 rnt
136 535 208 580 oum
224 517 326 580 multa
341 516 406 580 alia
427 516 590 580 uolumina
612 517 789 599 peculiaria
810 516 868 581 illa
890 522 956 581 tum
978 519 1187 584 miscellanea

80 635 132 684 leo:
155 617 342 684 Aristoxeni
365 617 530 682 Tarentini
554 612 719 697 σνμμικτδ
735 610 968 702 ὑπομνήματα,
991 619 1183 703 Pamphilae

80 714 188 802 τορικὰ
211 712 452 802 ὑπομνήματα,
476 717 682 804 Cephalionis
705 721 860 797 Modoura,
884 719 1035 786 Fauorini
1058 743 1185 784 παντο·

80 817 127 906 πή
160 819 308 905 ἱστορία,
336 819 497 886 Athenaei
527 817 817 906 δειπνοσοφισταί.
861 822 950 887 Haec
979 823 1076 905 igitur
1104 824 1186 889 inter

80 929 144 989 tera
168 941 250 1005 quae
273 929 339 987 tum
362 922 663 988 circumferebantur
685 923 843 989 eiusmodi
865 925 999 1007 scripta,
1023 944 1093 989 oum
1116 925 1186 990 sola

80 1024 216 1108 Sopatro
240 1029 393 1105 excerpta
415 1025 494 1106 sint,
523 1025 618 1107 longe
640 1025 893 1091 luculentissima
915 1024 1066 1090 uidentur
1085 1025 1185 1091 fuisse

99 1125 381 1192 excellentissima.
432 1125 501 1189 Iam
531 1125 572 1190 de
602 1126 642 1191 iis
676 1146 747 1190 cum
774 1127 983 1192 Aristoxenus
1014 1135 1186 1210 propterea

80 1229 122 1294 od
138 1229 263 1323 priscus
286 1227 420 1309 scriptor
442 1227 510 1309 fuit,
535 1225 691 1310 Cephalio
714 1228 800 1310 quod
822 1228 1008 1294 ueterrimas
1030 1247 1082 1295 res
1104 1236 1184 1295 trac·

80 1351 103 1396 e
131 1331 211 1396 satis
241 1326 353 1393 habuit
377 1349 397 1392 a
418 1328 558 1394 fontibus
580 1329 707 1393 Aeliani
736 1329 922 1394 remouendi
947 1331 1024 1411 sint,
1052 1329 1184 1395 Fauori-

80 1454 109 1497 m
132 1451 211 1496 uero
236 1436 267 1495 et
287 1428 487 1495 Athenaeum
510 1431 552 1496 ad
574 1432 697 1496 uariam
719 1431 884 1496 historiam
907 1430 1107 1496 scribendam
1128 1431 1184 1497 ad·

80 1535 156 1598 titos
185 1551 256 1598 esse
286 1533 438 1616 sciamus,
467 1535 624 1616 sequitur,
652 1539 687 1597 ut
714 1533 755 1597 de
783 1530 955 1615 Pamphila
982 1533 1074 1598 nobis
1101 1533 1183 1599 alios

80 1642 183 1702 atores
198 1634 326 1699 Aeliani
342 1635 670 1718 circumspicientibus
692 1634 860 1698 intentiore
882 1635 989 1699 animo
1005 1634 1184 1700 deliberan-

80 1759 109 1802 m
132 1737 184 1803 sit.

121 1838 226 1904 Immo
250 1835 331 1902 haec
352 1857 416 1902 non
439 1837 583 1903 obscuris
606 1836 843 1903 commendatur
858 1837 996 1903 indiciis.
1040 1838 1183 1903 Primum

80 1943 120 2006 im
138 1940 299 2023 copiosior
315 1944 392 2021 erat,
416 1959 512 2022 quam
528 1945 562 2002 ut
577 1940 610 2003 in
625 1941 716 2005 uaria
732 1939 866 2004 historia
880 1938 1077 2005 conficienda
1092 1960 1183 2024 prae·

80 2044 131 2107 ita
159 2060 229 2106 esse
253 2041 430 2122 uideretur,
460 2040 486 2104 si
509 2040 640 2121 quidem
663 2041 793 2123 triginta
814 2047 878 2106 tres
901 2042 1001 2107 libros
1024 2062 1183 2107 commen·

80 2144 188 2209 iorum
212 2141 365 2224 condidit,
389 2160 484 2223 quem
506 2143 660 2222 ambitum
681 2142 803 2206 nullum
826 2141 913 2222 quod
935 2149 1002 2207 tum
1018 2150 1086 2209 erat
1101 2164 1182 2228 opus

80 2245 250 2327 dhingum,
274 2250 426 2326 quantum
443 2245 594 2325 egotam,
618 2244 765 2308 excessit.
802 2242 887 2307 Dein
909 2251 944 2308 ut
967 2252 1035 2309 erat
1054 2246 1181 2311 mulier-

80 2348 125 2428 la‚
157 2366 229 2411 cum
255 2365 318 2409 non
340 2350 406 2409 tam
429 2345 643 2426 cognitionem
666 2363 761 2425 quam
784 2343 1030 2410 delectationem
1052 2347 1085 2409 in
1107 2349 1183 2412 sori-

80 2449 142 2513 ndo
178 2447 370 2531 spectauerit
382 2449 420 2528 ¹),
451 2446 494 2511 ad
522 2446 649 2511 Aeliani
679 2447 842 2529 ingenium
876 2448 1020 2528 proxime
1047 2446 1182 2513 accedit,

80 2551 122 2615 dd
153 2549 240 2632 quod
267 2546 414 2613 floridam
442 2547 603 2613 scribendi
631 2548 787 2612 rationem
815 2567 878 2639 qua¹
906 2567 964 2612 usa
993 2555 1041 2613 est
1063 2549 1183 2632 pariter

79 2652 205 2717 cusauit
233 2658 265 2715 et
291 2650 437 2715 laudauit
466 2657 562 2732 atque
591 2669 719 2714 suorum
751 2650 905 2714 librorum
937 2649 1181 2733 dispositionem

80 2754 201 2834 dianus,
224 2758 334 2835 utpote
351 2751 405 2832 qui
421 2751 453 2815 in
469 2753 598 2834 epilogo
615 2749 766 2815 historiae
782 2751 967 2816 animalium
982 2751 1064 2818 hacc
1080 2753 1181 2819 dicat:

80 2850 99 2916 ri
124 2851 160 2917 δὲ
183 2853 318 2936 πρῶτον
339 2851 399 2933 μὲν
421 2848 458 2915 τδ
484 2847 562 2934 ἒμδν
585 2849 674 2915 ἰ’διον
696 2844 753 2914 oda
769 2849 838 2932 εἰμι
852 2853 911 2938 τής
928 2844 1028 2918 δι’λλοο
1043 2852 1183 2937 κρίσεώς

93 2954 149 3019 καὶ
168 2951 358 3039 βουλήσεως
373 2951 499 3031 δοῦλος,
523 2944 600 3016 οὐδέ
616 2975 702 3039 φημι
718 2950 787 3018 δεῖν
803 2951 951 3019 ἕπεσθαι
966 2951 1077 3041 ἑτέρῳ,
1100 2947 1183 3020 δπσι

99 3045 139 3122 δν
163 3049 291 3140 ἀπάγῃ·
324 3053 520 3140 δεύτερον
549 3052 590 3117 δὲ
618 3055 673 3138 τῷ
703 3057 884 3141 ποικίλῳ
906 3059 974 3143 τής
998 3049 1182 3141 ἀναγνώ-

80 3180 140 3233 Ὶαις
174 3153 218 3221 τὸ
254 3152 430 3243 ἐφολκδν
463 3156 603 3242 θηρῶν
636 3157 708 3220 καὶ
740 3153 811 3241 τήν
845 3154 883 3221 ἐκ
916 3160 992 3222 τῶν
1026 3152 1181 3239 ὁμοίων

80 3259 293 3342 ῖελυγμίαν
324 3252 642 3343 ἀποδιδράσκων
672 3257 775 3323 οἱονεὶ
801 3258 946 3342 λειμῶνά
967 3284 1042 3324 τινα
1063 3248 1085 3345 ή
1107 3263 1181 3324 στέ-

80 3384 145 3425 ινον
167 3354 292 3444 ὡραῖον
315 3359 349 3426 ἐκ
370 3363 428 3444 τής
451 3361 661 3443 πολοχροίας,
685 3354 730 3435 οὖς
754 3351 977 3448 ἆνδεσφόρων
1000 3362 1066 3426 τῶν
1090 3358 1181 3445 ζῴων

80 3466 103 3529 Ι’ν
126 3462 269 3542 πολλῶν,
292 3454 410 3549 ᾠήθην
433 3461 501 3526 δεῖν
524 3460 621 3547 τήνδε
643 3455 770 3547 ὖφᾶναί
792 3464 904 3526 τεκαὶ
928 3461 1106 3539 διαπλέξαι
1121 3459 1181 3548 τήν

80 3562 238 3651 truaco-

123 3667 192 3731 lam
217 3686 293 3731 uero
323 3664 410 3731 haud
432 3685 535 3749 pauca
557 3666 735 3748 argumenti
757 3684 876 3748 genera
897 3666 1086 3751 Pamphilae
1109 3688 1181 3734 cum

80 3769 173 3834 >liano
196 3774 286 3832 erant
308 3769 498 3832 communia:
523 3773 655 3848 uterque
677 3768 780 3831 facete
803 3767 898 3851 dicta,
921 3776 1053 3853 uterque
1076 3768 1180 3853 philo-

128 3988 151 4048 l)
170 3982 211 4037 ef.
229 3982 343 4051 Kruger,
360 3982 454 4037 Lehen
472 3983 518 4038 des
536 3981 710 4052 Thulrydidcs
728 3999 754 4052 p.
769 3988 831 4051 lsq.

943 4071 974 4123 6*
