2714 4500
172 177 213 236 aa
537 196 538 199 κ
638 171 715 227 sem
731 170 858 240 Rudolph

172 357 270 418 tatem
292 348 461 431 farraginis
483 366 560 414 snae
582 351 763 413 assecutum
785 364 865 412 esse.
903 343 1020 410 Verum
1044 343 1129 408 enim
1151 361 1234 408 uero
1256 342 1314 407 iam

172 473 255 520 nunc
283 452 316 517 in
343 449 530 516 memoriam
558 447 768 531 redigendum
796 451 845 513 est
873 444 908 510 id
929 443 1016 528 quod
1037 464 1135 529 supra
1156 443 1312 529 apparuit,

172 574 246 620 eum
278 573 382 636 neque
411 550 611 617 Herodotum
639 567 744 632 neque
772 546 946 613 Isocratem
973 566 1033 613 nec
1061 545 1232 611 Platonem
1260 563 1311 610 nec

172 661 296 722 eeteros
317 655 440 738 priscos
462 658 624 733 auctores,
655 649 799 733 quamuis
822 649 998 732 compluria
1021 647 1121 714 frusta
1143 667 1186 714 ex
1208 647 1250 713 iis
1270 645 1311 711 al·

172 756 263 840 ierat,
289 755 378 839 ipsos
400 752 606 819 consuluisse.
651 749 810 828 Quocirca
830 749 911 816 fides
933 749 1085 816 adiuncta
1106 755 1156 815 est
1177 749 1209 814 ei
1232 745 1310 831 quod

171 857 225 923 uel
240 854 407 921 Athenaeo
431 852 548 918 collato
570 859 644 918 ante
667 853 776 919 oculos
798 853 937 937 positum
960 857 1036 934 erat,
1061 869 1133 916 eum
1147 850 1240 916 uaria
1259 868 1309 917 sua

171 979 237 1024 non
266 975 306 1021 ex
336 955 443 1022 multis
472 959 503 1020 et
530 956 658 1021 remotis
679 954 894 1020 uoluminibus
917 954 1037 1020 eximia
1058 951 1231 1019 sedulitate
1253 951 1306 1017 col·

174 1058 307 1142 legisse,
337 1058 455 1139 inqua
477 1056 627 1140 opinione
648 1056 841 1120 recentiores
864 1074 935 1120 esse
956 1053 1053 1120 uideo
1064 1055 1101 1135 ¹),
1131 1053 1190 1119 sed
1211 1053 1307 1118 furtim
1346 1070 1348 1077 ’

174 1158 383 1244 descripsisse
413 1178 493 1240 quos
520 1158 577 1223 alii
601 1162 825 1239 congesserant
847 1156 1039 1222 multifariae
1061 1154 1227 1221 doctrinae
1248 1153 1305 1220 tho·
1346 1156 1348 1195 ²

173 1280 294 1327 sauros.
338 1258 462 1338 Quodsi
483 1278 581 1342 purus
603 1265 698 1342 putus
721 1259 910 1340 compilator
931 1258 1017 1342 fnit,
1035 1262 1209 1342 propterea
1230 1253 1305 1338 quod
1346 1316 1348 1361 Ι

173 1364 298 1447 speeies
320 1362 430 1427 uariae
451 1359 605 1427 historiae
626 1358 741 1425 florida
763 1366 826 1443 est,
856 1361 924 1426 eius
946 1359 1050 1425 fontes
1073 1364 1105 1424 ct
1127 1359 1191 1442 ipsi
1211 1355 1304 1423 floridi
1346 1364 1348 1465 1

172 1464 291 1529 fuerint
318 1481 450 1528 necesse
479 1468 536 1528 est.
580 1462 729 1544 Denique
756 1467 824 1528 tota
849 1460 975 1528 indoles
998 1460 1066 1526 eius
1089 1459 1209 1543 obstat,
1239 1477 1303 1543 quo·
1346 1532 1348 1537 ,

73 1572 75 1576 ’
173 1567 277 1641 minus
301 1583 343 1629 ex
365 1563 507 1629 honestis
530 1582 634 1629 rerum
655 1563 863 1646 scriptoribus
886 1583 957 1629 eam
980 1560 1150 1628 conflatam
1169 1580 1238 1628 esse
1252 1567 1303 1627 sta·

172 1673 308 1730 tuamus.
352 1665 479 1729 Etenim
500 1665 621 1749 ubique
641 1664 796 1748 tabellae,
824 1663 876 1730 hic
898 1664 966 1729 illic
987 1664 1138 1748 ineptiae,
1160 1681 1303 1745 nusquam

174 1765 314 1832 studium
336 1766 421 1848 ueri,
444 1768 540 1830 immo
555 1785 619 1830 non
634 1764 677 1831 ad
692 1768 915 1850 cognitionem,
938 1766 996 1832 sed
1013 1763 1057 1829 ad
1070 1763 1302 1830 delectationem

164 1885 299 1933 summa
321 1867 390 1931 eius
412 1865 486 1930 libri
509 1873 641 1950 spectat.
681 1866 831 1951 Sequitur
853 1868 987 1933 alteram
1008 1871 1133 1949 partem
1155 1866 1301 1931 uariorum

174 1967 303 2033 Aeliani
318 1966 531 2033 reuocandam
546 1987 617 2034 esse
628 1967 671 2033 ad
684 1968 839 2052 quosdam
851 1969 1149 2035 commentariorum
1160 1972 1300 2044 auctores,

174 2070 230 2153 qui
252 2087 471 2152 quaecumque
486 2069 585 2153 digna
598 2071 753 2137 memoria
767 2072 1016 2154 aequaliumqne
1027 2069 1178 2135 sensibus
1193 2074 1265 2152 apta
1277 2070 1301 2130 ct

174 2170 416 2238 accommodata
438 2189 509 2236 cum
524 2171 603 2237 alibi
618 2177 685 2236 tum
700 2173 734 2237 in
748 2172 891 2239 historiis
905 2172 947 2237 de
962 2172 1036 2237 uitis
1052 2168 1300 2255 philosophorum

173 2272 311 2340 conditis
332 2273 501 2358 legissent,
525 2275 593 2340 sine
615 2274 669 2339 uia
691 2279 723 2340 et
744 2274 866 2339 ratione
889 2273 1189 2340 consarcinaucrint.

732 2481 760 2540 5.

257 2610 369 2675 Altera
390 2630 465 2693 pars
487 2608 582 2676 huius
603 2610 677 2676 libri
701 2613 879 2677 continetur
901 2612 1053 2678 similium
1067 2631 1174 2677 rerum
1190 2627 1301 2678 enumc·

173 2711 350 2776 rationibus
371 2716 427 2775 aut
448 2711 583 2794 singulis
605 2718 660 2777 aut
682 2712 898 2797 compluribus
914 2712 1067 2798 deinceps
1083 2715 1240 2798 capitibus
1254 2713 1301 2778 cir·

175 2811 390 2894 cumscriptis,
421 2830 504 2893 quae
532 2811 714 2879 dissecandi
742 2812 877 2880 libidine
906 2834 968 2898 qua
990 2815 1144 2882 Aelianus
1172 2835 1246 2881 usus
1266 2816 1303 2876 cst

174 2914 313 2978 intactae
336 2917 384 2993 et,
410 2919 445 2977 ut
466 2912 512 2978 ita
534 2911 649 2997 dicam,
672 2916 869 2981 continentes
891 2915 1006 2998 glebae
1027 2918 1158 2984 maiorIs
1180 2917 1303 2983 ambitus

173 3015 207 3079 in
229 3012 291 3079 hoc
313 3012 394 3078 chao
416 3014 624 3098 reperiuntur.
658 3016 706 3083 Ae
728 3022 849 3081 tantum
865 3016 966 3100 abest,
989 3023 1024 3082 nt
1038 3018 1079 3083 ab
1094 3019 1232 3085 Aeliano
1246 3018 1304 3102 ipso

174 3115 371 3198 compositae
399 3115 477 3198 sint,
506 3121 541 3180 ut
562 3116 674 3182 deberi
695 3118 864 3184 uideantur
884 3118 1099 3185 miscellaneis
1120 3122 1214 3186 unius
1236 3120 1305 3186 eius-

65 3270 68 3285 .
175 3218 313 3301 demque
335 3218 489 3300 auctoris,
519 3218 573 3300 qui
596 3217 676 3285 haec
699 3222 861 3304 exempla,
889 3221 1036 3286 similiter
1057 3227 1153 3303 atque
1177 3242 1235 3288 sua
1255 3218 1305 3284 Va·

174 3320 272 3385 lerius
288 3317 456 3401 Maximus,
480 3319 513 3382 in
527 3337 620 3384 usum
634 3318 795 3386 rhetorum
811 3320 1126 3405 declamatommque
1141 3320 1305 3406 collegerit

64 3412 66 3417 ’
175 3421 236 3485 Illa
257 3440 334 3486 uero
356 3420 563 3486 miscellanea
584 3422 627 3486 ad
649 3423 793 3487 ordinem
808 3423 985 3488 litterarum
1000 3422 1158 3507 disposita
1172 3426 1268 3492 fuisse
1281 3422 1307 3485 in

174 3522 389 3602 suspicionem
404 3523 500 3586 uenit.
538 3520 633 3599 Quod
648 3524 767 3588 sinere
782 3525 969 3608 cogitamus,
994 3527 1144 3608 quoniam
1159 3520 1307 3592 Athenaei

175 3620 418 3704 dispositionem
446 3623 487 3688 ab
509 3621 645 3688 Aeliano
673 3625 755 3689 inter
781 3624 1054 3691 transcribendum
1082 3628 1233 3712 religiose
1255 3643 1307 3694 ser·

175 3728 283 3786 natam
306 3741 375 3787 esse
398 3729 531 3807 constat,
553 3730 588 3789 ut
614 3723 734 3791 indicia
756 3723 849 3791 huius
872 3723 1000 3802 λεξικοῦ
1021 3728 1054 3792 in
1076 3730 1168 3795 uaria
1185 3727 1310 3797 historia

262 3908 286 3969 1)
305 3902 344 3957 Of.
365 3918 422 3973 cap.
442 3905 517 3960 XIII.
