2714 4500
72 241 100 296 le
118 239 254 309 fontibus
272 242 367 310 quibus
379 241 511 297 Aelianus
528 241 557 296 in
570 242 647 297 uaria
658 242 773 298 historia
785 244 969 312 componenda
981 259 1047 300 usus
1060 245 1104 300 sit.
1141 245 1180 304 75
1300 255 1304 261 '

625 413 887 497 σωμασκούντων
910 407 1042 495 αύτούς,
1071 416 1180 483 καθά·

625 538 688 599 περ
712 511 729 580 ὁ
754 507 853 593 αύτὸς
870 521 1118 604 Φαβωρῖνος
1140 516 1181 584 ἐν

625 608 748 702 ὀγδόη
771 617 1046 707 παντοδαπῆς
1065 619 1181 684 ἱστο-

625 722 718 803 ρίας
740 724 851 809 φησιν.

115 823 171 889 De
201 822 333 905 reliquis
355 820 493 887 inuentis
515 818 558 886 ad
581 840 663 886 omn.
687 820 760 887 hist.
782 842 803 887 a
825 822 970 907 Diogene
993 823 1110 891 diserte
1133 843 1180 890 re·

72 925 159 991 »eatis
185 924 224 990 of.
248 943 279 1006 p.
296 925 346 987 53.

119 1025 248 1092 Gellius
259 1025 347 1108 XIV,
360 1028 378 1089 6
391 1024 563 1108 interprete
574 1022 766 1089 Nietzseheo
777 1043 811 1090 se
823 1025 857 1089 in
868 1027 1038 1109 omnigena
1049 1026 1182 1093 historia

72 1130 156 1212 gisse
180 1126 259 1192 dioit
284 1120 360 1211 ‘quo
382 1127 511 1192 nomine
532 1125 641 1208 fuerit,
672 1125 727 1208 qui
749 1127 901 1210 primus
926 1119 1177 1210 ‘grammaticus'

72 1231 220 1314 »pellatus
244 1219 316 1295 est'.
396 1247 398 1254 ’

122 1332 171 1397 Αο
201 1329 281 1395 mihi
303 1328 449 1414 quidem,
478 1349 550 1395 oum
572 1328 613 1394 de
635 1328 697 1394 hoo
719 1329 887 1395 manifesto
909 1336 1113 1415 utrorumque
1135 1334 1181 1398 lo·

72 1454 148 1499 rum
172 1451 326 1499 consensu
349 1430 392 1496 ad
413 1439 501 1496 tuum
516 1436 548 1496 te
563 1428 716 1496 iudicium
731 1431 899 1512 remittam,
922 1433 1090 1499 occasione
1106 1432 1182 1499 data

72 1536 81 1602 l
104 1534 343 1620 alphabeticum
366 1532 609 1618 dispositionem
624 1531 812 1615 omnigenae
828 1530 978 1598 historiae
994 1532 1180 1599 confirman-

72 1659 114 1704 un
129 1656 199 1702 rem
215 1634 333 1701 addere
348 1635 445 1700 lioeat
459 1634 537 1701 satis
551 1632 809 1716 memorabilem
825 1634 897 1700 dieo
910 1635 995 1717 quod
1007 1635 1179 1720 Diogenes,

72 1740 231 1821 rieumque
255 1735 297 1802 ad
320 1756 391 1801 eam
405 1754 582 1819 prouooans
598 1733 638 1800 de
654 1732 855 1820 philosophis
870 1735 1088 1803 inuentoribus
1102 1738 1180 1821 agit,

72 1861 103 1907 >n
124 1838 257 1906 uocibus
279 1831 417 1923 ῆρξατο,
444 1827 556 1922 ηύρεν,
580 1827 712 1921 εύρετῆς
734 1835 900 1918 similibus,
923 1836 981 1904 sed
1003 1838 1083 1903 mira
1104 1858 1181 1922 qua·

72 1963 115 2008 un
138 1940 315 2007 constantia
338 1958 464 2023 semper
487 1958 567 2005 uooe
590 1937 723 2022 πρῶτος
746 1957 821 2004 usus
844 1944 900 2005 est.
935 1937 1007 2016 Qua
1028 1939 1068 2006 de
1084 1960 1181 2007 eausa

72 2065 122 2110 mo
151 2062 264 2108 uooern
293 2041 346 2106 uel
368 2041 498 2106 remotis
525 2040 670 2105 omnibus
693 2058 911 2123 quaecumque
933 2038 1038 2107 adhue
1061 2041 1101 2108 de
1124 2043 1180 2108 illo

72 2164 120 2210 oro
137 2143 300 2227 disputata
315 2148 396 2224 sunt,
414 2143 618 2226 conspicuum
634 2138 795 2222 quendam
805 2143 837 2206 in
848 2140 977 2208 modum
989 2143 1022 2206 in
1032 2150 1181 2227 promptu

73 2252 86 2311 t
108 2246 154 2311 ibi
177 2246 356 2311 eminuisse.
377 2279 419 2288 -

120 2346 158 2410 V.
173 2346 204 2411 h.
221 2346 316 2429 xie
338 2348 508 2422 (πενία).
539 2340 896 2426 Stob.flor.XcV,14:
922 2347 1176 2429 Φαβωρίνου.

72 2452 193 2522 ἐνίας
221 2442 362 2510 διττὸν
385 2440 514 2522 εἶδος·
543 2433 564 2530 ῆ
591 2440 654 2529 γὰρ
683 2438 739 2507 διὰ
762 2439 821 2526 τῆν
843 2441 973 2531 γνώμην
997 2437 1178 2531 ἅνθρωποι

72 2552 195 2615 ένονται
216 2536 236 2633 ῆ
260 2544 316 2614 διὰ
338 2542 398 2631 τῆν
419 2543 516 2634 τύχην
537 2546 605 2610 κτλ.
628 2580 670 2590 -

90 2652 121 2716 h.
136 2651 210 2734 XII,
230 2653 268 2715 16
291 2645 576 2735 (ζηλοτυπία).]

90 2752 267 2835 h.X11,26
290 2747 600 2837 (ποτλταστοι).]

89 2853 120 2918 h.
136 2853 211 2936 XII,
227 2855 282 2917 26:
303 2856 510 2918 Ποτίταστσι
523 2850 695 2938 γεγόνασιν
721 2852 987 2919 Pseudooallisth.
1012 2856 1044 2939 I,
1070 2859 1108 2920 13
1137 2854 1177 2922 de
1251 2849 1252 2852 ¹

72 2957 218 3040 νθρωποι
233 2944 278 3029 ὥς
290 2974 376 3040 φασι
386 2948 604 3039 Ξεναγόραςὸ
619 2947 696 3018 Ῥό-
721 2955 921 3023 Alexandro:
942 2948 1120 3040 Ἐγένετο
1137 2955 1178 3020 δέ

72 3047 695 3142 ος,ὃνέκύλοονᾌμφορέα,καὶἩρα-
723 3047 848 3121 αύτού
890 3055 1046 3144 τροφὸς
1088 3063 1178 3122 Λα-

72 3156 166 3243 ,ελὸης
187 3151 204 3221 d
229 3155 362 3244 πύκτης,
385 3159 441 3224 καὶ
456 3161 654 3243 Πρωτέας
676 3152 693 3224 d
722 3152 1177 3248 νίκηῆΜελύντοςᾶδελφῆ,

82 3263 226 3345 ανλκης
263 3257 337 3341 μὲν
369 3257 474 3339 υἱός,
507 3252 696 3337 Ἀλεξύν-
723 3258 937 3347 παιδαγωγὸς
958 3264 1014 3328 καὶ
1037 3255 1178 3349 οἰνατρο-

72 3385 134 3447 ρσο
151 3359 697 3447 ὁὲτούβασιλέωςσύντρο-
722 3360 804 3448 φεύς
817 3363 1003 3450 Λεωνίδης,
1019 3360 1178 3430 διδάσκα-

72 3485 124 3538 ος.
147 3462 201 3527 καὶ
226 3454 326 3540 αύτὸς
349 3462 384 3529 δὲ
410 3456 624 3550 Ἀλέξανδρος
643 3465 696 3528 λέ·
723 3466 779 3540 λος
800 3463 1002 3551 γραμμάτων
1016 3464 1178 3530 Πολυνεί-

71 3588 130 3629 ται
157 3564 314 3629 πλεῖστον
336 3578 428 3631 πιεῖν
452 3559 652 3650 ἀνθρώπων.
721 3590 788 3652 κης,
804 3569 963 3653 μουσικῆς
978 3565 1178 3633 δὲΛεύκιπ-

334 3674 336 3677 ’
722 3690 787 3743 πσς
798 3665 962 3753 Λήμνιος,
977 3673 1179 3755 γεωμετρίας

72 3819 73 3828 .
90 3766 122 3831 h.
138 3766 212 3850 XII,
231 3767 285 3831 16:
308 3769 455 3851 Λέγεται
481 3761 697 3856 Ἀλέξανδρος
723 3767 758 3833 δὲ
773 3769 945 3855 Μενεκλῆς
967 3765 1179 3837 ὂΠελοπον-

72 3868 244 3932 Φιλίππου
257 3863 696 3956 ζηλοτοπώταταπρὸςτούς
722 3868 844 3956 νῆσιος,
868 3869 1049 3959 ῥητορικῶν
1071 3872 1107 3938 δέ
1122 3872 1178 3939 λύ-

73 3972 188 4053 αέροος
210 3965 409 4054 διατεθῆναι
430 3973 485 4037 καὶ
505 3975 697 4055 βασκαίνειν
721 3995 787 4057 γων
816 3965 1044 4063 Ἀναξιμένης,
1079 3976 1178 4062 φιλο-
