2714 4500
100 231 139 289 De
154 232 270 290 fontibus
283 232 380 303 quibus
391 232 520 289 Aelianus
537 232 567 287 in
585 232 663 288 uaria
680 230 793 287 historia
806 232 992 300 componenda
1003 247 1070 288 usus
1082 233 1125 288 sit.
1161 231 1202 291 89

146 405 208 472 Sed
236 407 302 472 iam
328 404 425 471 finem
453 407 608 471 faciamus
635 403 856 471 ratiocinandi.
901 405 950 470 De
979 404 1091 470 decem
1121 424 1205 470 eom-

72 507 284 574 nentariorum
306 508 449 574 frustulis
472 527 555 591 quae
580 513 720 573 aetatem
742 506 881 572 tulerunt
902 525 999 571 unum
1022 525 1094 571 cum
1115 507 1207 571 uaria

72 605 191 675 [istoria
212 609 309 694 plane
330 611 491 693 congruit:
590 610 591 614 ’

72 721 104 790 s.
116 725 143 791 h.
159 728 200 810 H,
213 729 269 792 42:
290 721 338 790 ‘H
349 724 532 804 Πλάτωνος
555 725 637 804 δόξα
658 728 715 792 καὶ
731 720 748 791 δ
765 728 824 812 τῆς
849 726 1097 810 Di,La.H1‚23:
1116 725 1204 812 Φησὶ

75 819 133 890 στ’
152 820 252 893 αὐτὸν
275 819 392 914 ἀρετῆς
416 827 512 914 λόγος
532 831 589 894 καί
612 826 645 906 ἒς
661 821 824 914 Ἀρκάδας
851 825 886 891 δὲ
908 827 1073 914 Παμφίλη
1103 823 1137 892 ἐν
1159 829 1207 912 τηί

72 932 198 1014 τφίκετο
221 930 278 994 καλ
295 932 472 1016 Θηβαίους,
495 932 552 995 καὶ
574 915 631 996 οὖν
652 932 710 995 καί
732 927 824 1016 ἐδεή-
850 932 996 1015 πέμπτῳ
1030 929 1085 994 καλ
1120 925 1206 993 εἰκο-

72 1031 171 1117 δησαν
189 1022 291 1095 αὐτοῦ
309 1035 467 1117 πρέσβεις
482 1024 742 1108 ἀποστείλαντες
765 1029 824 1097 σδν
851 1033 920 1117 στηί
956 1033 1022 1096 τῶν
1056 1026 1207 1119 ὑπομνη-

72 1124 274 1217 ,ῆάνωτάτω
291 1131 421 1220 σπουδῇ
442 1125 630 1220 άφικέσθαι
653 1137 752 1220 σφίσι
765 1129 825 1198 τδν
850 1131 964 1217 μάτων
987 1127 1034 1209 ὥς
1049 1125 1208 1220 Ἀρκάδες

72 1224 165 1318 ἷνδρα
188 1226 246 1299 οὐκ
261 1232 321 1301 ἐπὶ
334 1233 418 1321 μόνῃ
434 1237 473 1321 τῇ
490 1237 556 1300 τῶν
571 1238 653 1300 νέων
675 1256 825 1321 προστα-
850 1235 905 1300 καί
934 1239 1079 1321 Θηβαῖοι
1105 1232 1207 1319 μεγά-

72 1341 126 1423 ίηι,
151 1328 224 1401 οὐδ’
243 1335 299 1402 ἵνα
322 1329 436 1413 αὐτοῖς
460 1340 652 1424 συγγένηται
675 1334 733 1401 ἐπὶ
754 1347 826 1412 τοῖς
852 1337 910 1424 λην
937 1334 1039 1401 πόλιν
1068 1333 1207 1414 οἷκίζον·

72 1436 171 1524 σ’γοις
193 1450 266 1515 τοῖς
286 1435 371 1503 κατά
395 1438 619 1525 φιλοσοφίαν,
651 1429 735 1502 άλλὰ
763 1434 825 1522 γὰρ
850 1461 905 1514 τες
922 1435 1131 1524 παρεκάλουν
1148 1429 1207 1502 αὖ·

72 1541 112 1606 αλ
127 1537 166 1606 τδ
185 1538 235 1606 δτι
249 1538 376 1605 τούτων
395 1537 709 1626 μεῖζοννομοθέτην
725 1532 825 1604 αδτδν
851 1536 909 1605 τὸν
921 1543 1123 1628 νομοθέτην·
1139 1541 1156 1604 ὁ
1171 1539 1208 1603 δὲ

72 1641 209 1709 κάλουν.
254 1635 370 1707 οδκουν
398 1638 535 1724 ἔμελλον
565 1633 738 1726 άτυχήσειν
766 1642 826 1704 τοῦ
851 1633 1208 1725 μαθιδνίσονέχεινοδ

72 1742 195 1831 ννδρός·
225 1744 282 1808 καὶ
309 1740 371 1830 γὰρ
394 1736 484 1830 ἥσθη
509 1736 526 1808 δ
550 1744 610 1808 τοῦ
627 1735 827 1829 Ἀρίστωνος
852 1745 1016 1820 θέλοντας
1043 1734 1101 1807 οὐκ
1127 1739 1208 1807 ἐπο-

72 1850 93 1934 ᾐ
116 1844 243 1932 κλήσει,
262 1831 320 1911 ’καί
345 1843 384 1931 δὴ
407 1846 463 1911 καὶ
486 1842 619 1928 ἐ’μελλεν
640 1838 827 1908 δπακοάσε-
853 1839 969 1933 ρεάθη.

72 1953 156 2014 θαι.
202 1941 301 2034 ἤρετο
330 1950 445 2029 μέντοι
472 1944 550 2024 τοὺς
580 1938 720 2032 ἥκοντας
753 1948 827 2023 πῶς

72 2071 173 2133 χουσι
195 2045 283 2135 πρδς
304 2047 342 2114 τδ
367 2047 441 2114 ἰ’σον
457 2046 541 2130 ἐ’χειν
558 2040 713 2124 άπαντες.
752 2045 828 2114 ἐπεὶ

72 2152 97 2217 ῑὲ
122 2149 233 2235 ἐ’μαθε
255 2143 341 2238 παρ’
361 2143 469 2215 αὐτῶν
483 2141 537 2216 δτι
553 2151 608 2215 καὶ
624 2148 713 2215 πάνυ
730 2143 827 2216 άλλο·

72 2258 174 2340 ’ρίως,
197 2245 275 2318 οδδὲ
297 2256 411 2317 πείσει
426 2244 546 2329 αὖτοδς
567 2254 667 2334 τιμᾶν
681 2249 739 2339 τὴν
756 2250 828 2317 ἰσο-

74 2360 197 2440 ομίαν,
223 2346 396 2419 άπείπατο
417 2351 477 2439 τὴν
500 2350 587 2438 πρδς
610 2346 730 2439 αὐτοὺς
752 2350 828 2419 ἑπι-

72 2461 194 2546 ἠμίαν.

145 2579 229 2642 Tam
245 2577 353 2641 multis
368 2595 446 2642 uero
461 2577 544 2642 notis
564 2576 597 2640 in
612 2575 816 2660 Pamphilam
838 2575 1101 2642 conuenientibus
1125 2596 1208 2641 eom-

72 2678 234 2746 nentarios
257 2679 326 2743 eius
348 2677 381 2742 in
403 2697 496 2743 usum
524 2678 634 2744 uariae
661 2678 816 2744 historiae
839 2697 1010 2744 conuersos
1039 2697 1112 2744 esse
1141 2678 1210 2743 ueri

72 2789 107 2850 >st
130 2780 339 2846 simillimum.

293 2997 372 3059 XII.
406 2997 459 3059 De
480 2997 648 3082 Pamphila
670 2998 826 3062 Fauorini
846 3010 983 3062 auctore.

619 3135 657 3200 A.

146 3252 266 3317 Verum
295 3252 380 3316 enim
414 3272 491 3318 uero
520 3254 715 3320 Fauorinum
743 3254 914 3338 Pamphila
946 3274 1039 3320 usum
1068 3273 1139 3321 esse
1169 3274 1210 3320 ex

72 3353 227 3439 {tephano
249 3352 405 3435 Byzantio
429 3354 580 3420 efficitur:
611 3349 742 3431 Ῥοπεῑς
767 3352 866 3431 ίθνος
889 3347 927 3420 οὗ
949 3359 1114 3440 μέμνηται
1137 3360 1210 3419 Φα-

72 3461 203 3541 ίωρῖνος
226 3448 259 3515 ἒν
283 3448 425 3540 ἐπιτομῇ
446 3453 584 3542 τετάρτη
606 3458 665 3541 της
687 3457 882 3542 Παμφίλης.
919 3458 988 3524 Neo
1010 3478 1074 3524 non
1096 3477 1137 3523 ex
1158 3456 1210 3524 his

72 3557 169 3624 lerbis
185 3555 354 3638 Diogenis:
386 3556 410 3639 Ι,
426 3559 483 3622 98;
506 3561 643 3623 Σωτίων
666 3556 702 3621 δὲ
723 3559 780 3623 καὶ
799 3552 1017 3645 Ἡρακλείδης
1038 3560 1093 3623 καὶ
1110 3563 1211 3641 Παμ-

72 3658 143 3744 φίλη
161 3653 195 3720 ἐν
210 3656 258 3739 τῷ
277 3658 422 3742 πέμπτῳ
444 3660 510 3723 τῶν
531 3653 779 3746 ὑπομνημάτων
802 3656 859 3723 δύο
883 3648 968 3746 φασί
983 3657 1211 3747 Περιάνδρους

72 3760 239 3844 ιεμονέναι,
262 3753 401 3839 τὸνμὲν
423 3757 591 3845 τύραννον,
614 3758 672 3826 τὸν
696 3759 731 3825 δὲ
755 3756 862 3847 σοφδν
883 3761 938 3825 καί
951 3754 1211 3850 Ἀμβρακιώτην.

72 3863 160 3927 τοῦτο
189 3858 243 3922 καὶ
275 3857 433 3948 Νεάνθης
463 3863 565 3949 φησὶν
595 3856 612 3927 δ
641 3859 838 3949 Κυζικηνός,
872 3854 1033 3946 άνεψιοάς
1060 3887 1097 3929 τε
1126 3859 1212 3931 εἶναι

72 3955 231 4047 άλλήλοις.
265 3962 320 4025 καί
335 3952 567 4052 Ἀριστοτέλης
585 3962 644 4046 μὲν
659 3960 717 4028 τδν
733 3962 918 4050 Κορίνθιόν
934 3986 1037 4054 φησιν
1052 3960 1139 4031 εἶναι
1154 3963 1212 4032 τδν
1236 4000 1238 4005 v
