2714 4500
175 186 194 245 8
638 185 717 241 Felix
734 184 862 255 Rndolph

175 359 337 443 seriptum.
384 358 510 424 Etenim
539 357 656 424 furtum
685 359 771 441 quod
802 358 960 424 commisit
987 356 1112 423 animos
1141 358 1328 440 aequalium

175 461 347 544 fugiturum
370 480 442 527 esse
466 479 596 544 sperare
617 481 681 526 nou
703 461 822 544 potuit,
845 460 907 525 nisi
929 460 1007 526 setis
1030 460 1123 525 multi
1145 461 1222 526 anni
1247 460 1328 526 inter

177 562 350 628 editionem
374 563 424 628 sui
446 561 520 627 libri
543 568 575 628 et
597 581 778 628 sermonum
803 561 1017 629 conuiualium
1042 561 1203 627 interiecti
1227 568 1327 628 erant.

176 661 266 741 Quae
289 683 360 730 oum
377 664 423 729 ita
437 665 510 746 sint,
535 661 593 729 hos
610 664 696 729 eirea
710 682 827 728 annum
843 665 903 726 200
919 664 961 728 ab
975 661 1143 730 Athenaeo
1158 663 1203 729 ad
1218 665 1327 730 Timo

175 771 294 832 oratem
316 765 455 831 amioum
477 766 592 832 missos
616 785 686 832 esse
708 771 953 831 consentaneum
976 771 1032 831 est.

259 867 328 932 Iam
357 866 400 932 ad
421 866 591 933 Aelianum
621 867 725 950 ipsum
751 874 956 932 reuertamur.
1000 867 1094 944 Latet
1115 867 1149 931 in
1171 864 1339 954 historiae„

175 967 362 1033 animalium
391 968 464 1033 libri
488 968 519 1033 X
548 968 653 1052 eapite
678 972 692 1031 1
725 969 951 1051 grauissimum
982 969 1140 1052 temporis
1159 966 1326 1053 indicium,

177 1063 262 1151 quod
292 1068 514 1144 alaoobsio¹l
542 1063 759 1136 et‘ilero'lrero
788 1069 927 1135 deletum
959 1077 1016 1137 est.
1060 1070 1097 1135 Iu
1128 1070 1326 1138 editionibus

176 1178 283 1237 eutem
316 1190 399 1254 quae
429 1171 637 1238 Iacobsianae
670 1171 866 1256 praecedunt
895 1172 1041 1238 omnibus
1069 1170 1150 1238 haee
1179 1177 1326 1238 exstant:

175 1276 327 1349 σπανίως
349 1268 471 1358 ἐλέφας
494 1267 561 1358 ἐρᾷ,
586 1277 704 1359 φασίν
734 1268 891 1357 ἔστιγὰρ
914 1271 1075 1361 σώφρων,
1104 1267 1150 1349 ὡς
1173 1266 1243 1337 ὀίνω
1267 1297 1327 1356 μοι

175 1373 333 1438 λέλεκται.
367 1365 475 1438 ἀκούω
502 1374 580 1457 γοῦν
609 1369 799 1459 ἐλεφάντων
827 1371 943 1450 πάθος
972 1370 1127 1456 ἐρωτικὸν
1150 1375 1206 1439 καὶ
1231 1368 1327 1452 ἄξιον

173 1473 351 1558 θαυμάσαι
375 1465 472 1539 uitri·
503 1468 520 1536 ὁ
545 1473 581 1539 δὲ
603 1477 780 1557 πέπυσμαι
804 1472 906 1542 ίκεῑνό
932 1474 1037 1541 ἐστιν·
1061 1468 1143 1561 ἀνὴρ
1166 1477 1226 1562 τῆς
1248 1475 1326 1542 τού-

172 1601 238 1642 των
262 1570 365 1661 ὂίγρας
387 1568 444 1641 οὐκ
467 1570 608 1660 ἄπειρος
630 1574 769 1658 δύναμιν
792 1573 903 1661 λαβὼν
925 1574 959 1642 ἐκ
980 1578 1146 1660 βασιλέως
1169 1579 1229 1644 τοῦ
1248 1573 1326 1644 Ῥω-

172 1684 281 1761 μαίων
310 1676 459 1755 πάλαι,
482 1669 755 1762 Ἀλέξανδρος
783 1673 931 1761 ὄνομα,
960 1680 1015 1744 καὶ
1046 1679 1179 1754 σταλεὶς
1209 1677 1243 1757 ἐς
1265 1679 1326 1765 τὴν

175 1779 283 1866 θήραν
312 1775 416 1843 κατά
444 1803 484 1842 τι
514 1776 614 1855 ἕθος
636 1792 728 1856 τοῖς
752 1784 1049 1865 Μαυρουσίοις
1072 1777 1325 1867 ἐπιχώριον,

173 1882 276 1968 φησίν
310 1877 343 1945 ἓν
372 1881 543 1967 συγγραφῇ
572 1884 703 1961 Δίων,
737 1879 860 1964 μόσχον
890 1879 1070 1969 ἐλέφαντος
1100 1877 1245 1967 ὡραίαν,
1280 1880 1327 1963 ὡς

121 1994 126 2041 ⁸.
173 1981 301 2061 ἐκεῖνον,
327 1979 409 2047 ἰδεῖν
432 1973 606 2048 συνελθεῖν
630 1979 785 2070 ἐλέφαντι
809 1987 870 2069 νέῳ
892 1985 946 2049 καὶ
963 1987 1063 2071 καλιῇ.
1098 1986 1239 2069 Reliqua
1252 2008 1326 2054 nar·

172 2086 253 2153 ratio
278 2090 325 2152 est
340 2084 381 2150 de
397 2085 559 2151 rinalitate
575 2084 708 2151 duorum
725 2085 969 2171 elephantorum
984 2109 1093 2155 amore
1109 2089 1325 2157 incensorum.

173 2188 337 2255 Iueobsius
361 2187 544 2254 oonieetura
566 2188 766 2272 aliorumque
790 2189 935 2256 eodioum
951 2192 1141 2257 auctoritate
1156 2210 1234 2258 usus
1252 2211 1326 2258 oon·

172 2297 294 2358 textum
322 2289 492 2355 uerborum
521 2290 567 2355 ita
596 2291 822 2357 eonformauit:
853 2283 954 2378 ἀνὴρ
983 2293 1042 2378 τῆς
1071 2288 1197 2356 τούτων
1221 2285 1329 2380 ἄγρας

173 2383 230 2456 ουκ
253 2384 393 2474 ὂίπειρος
416 2387 556 2471 δύναμιν
579 2388 690 2476 λαβών
705 2388 739 2456 ἐκ
754 2393 920 2474 βασιλέως
935 2395 995 2457 τοῦ
1015 2388 1187 2476 Ῥωμαίων
1203 2392 1327 2476 πάλαι,

172 2484 444 2576 Ἀλέξανδρος
474 2486 623 2574 ὄνομα,
654 2494 710 2559 καὶ
740 2494 908 2570 σταλεὶς
937 2491 993 2559 ἐπὶ
1022 2491 1081 2579 τὴν
1104 2493 1217 2580 θήραν
1240 2495 1327 2562 κατά

171 2617 203 2658 τι
227 2591 308 2670 ἔθος
329 2604 401 2669 τοῖς
416 2597 651 2679 Μαυρουσίοις
674 2593 852 2679 ἐπιχώριον
875 2596 1002 2682 φησὶν
1026 2592 1066 2660 ἐν
1090 2601 1326 2685 συγγραφῇ,

96 2768 99 2775 ‚
173 2698 265 2760 νέαν
279 2693 403 2778 μόσχον
420 2691 610 2780 ἐλέφαντος,
627 2692 754 2782 ὡραίαν
770 2691 815 2773 ὡς
830 2693 976 2776 ἐκείνοις,
994 2695 1076 2763 ἰδεῖν
1093 2698 1327 2766 συνεισελθεῖν

146 2793 328 2882 -ἐλέφαντι
357 2799 419 2881 νίφ
448 2797 501 2860 καὶ
533 2797 634 2883 καλιῇ.
680 2799 801 2867 Eodem
832 2799 928 2866 modo
951 2799 1094 2867 Hereher
1124 2802 1157 2866 in
1180 2801 1327 2871 editione

171 2898 348 2975 Parisina²)
372 2897 453 2965 haee
474 2901 574 2966 uerba
597 2902 766 2968 constituit.

256 2999 375 3066 Locrum
400 3021 471 3068 esse
485 3003 634 3068 uitiatum
649 3023 742 3069 nemo
758 3023 820 3068 non
837 3003 1000 3070 oonuedet.
1033 3004 1139 3086 Atque
1156 3010 1190 3069 ut
1206 3008 1327 3073 uooula

172 3098 289 3179 πάλαι,
314 3121 408 3183 quam
433 3103 489 3168 ille
512 3104 583 3186 ipse
605 3126 664 3189 pro
687 3104 794 3188 spuria
818 3103 962 3189 habeti),
991 3106 1036 3170 ita
1058 3104 1158 3170 uerba
1180 3103 1267 3170 κατά
1291 3132 1326 3173 τι

171 3199 253 3277 ἔθος
275 3214 346 3279 τοῖς
361 3206 596 3287 Μαυρουσίοις
619 3202 797 3288 ἐπιχώριον
820 3208 1033 3291 suspicionem
1048 3214 1187 3273 mouent.
1221 3208 1324 3274 Nam-

172 3324 234 3387 que
257 3303 337 3371 haee
359 3305 456 3371 aliam
480 3307 544 3372 uim
568 3306 687 3374 habere
709 3328 772 3374 non
794 3315 934 3392 possent,
957 3309 1017 3375 nisi
1040 3317 1075 3375 ut
1097 3309 1325 3377 Alexandrum

172 3406 331 3488 quendam
355 3426 395 3472 ex
418 3407 651 3474 Maurusiorum
673 3429 762 3475 more
784 3409 826 3474 ad
849 3411 1052 3477 uenationem
1076 3409 1322 3495 elephantorum

168 3507 301 3572 missum
324 3526 395 3575 esse
419 3508 643 3592 significarent.
679 3510 773 3576 Nune
787 3529 864 3576 uero
879 3512 967 3577 notio
983 3514 1093 3580 aoristi
1110 3510 1250 3589 σταλείς,
1278 3533 1322 3578 ex

168 3756 182 3808 1
259 3673 282 3736 1)
300 3671 368 3727 Hist.
389 3674 469 3730 anim.
483 3673 518 3728 ad
536 3674 614 3730 tidem
632 3675 709 3731 codd.
723 3690 785 3731 mss.
800 3676 908 3732 constit.
928 3683 954 3732 et
972 3680 1104 3733 annotatt.
1118 3677 1215 3733 illustr.
1230 3678 1320 3734 lvoll.

183 3769 250 3810 enee
270 3759 343 3810 1832.

256 3843 280 3905 t)
299 3840 373 3908 Quae
390 3840 490 3910 prodiit
507 3855 578 3897 anno
598 3847 671 3898 lese.

256 3926 280 3988 3)
299 3926 411 3980 Aunott.
431 3926 499 3981 oritt.
518 3942 546 3994 p.
559 3927 675 3983 XXXVI
692 3928 720 3982 in
738 3927 801 3984 edit.
820 3929 905 3986 Paris.
