2714 4500
74 187 122 242 De
140 187 273 244 fontibus
293 188 389 258 quibua
402 189 531 244 Aelianus
548 188 577 243 in
589 188 667 244 uaria
679 187 794 243 blstoria
807 188 993 258 componenda
1005 204 1071 244 usus
1083 188 1126 244 sit.
1166 189 1203 246 11

47 380 82 427 se
105 381 290 444 numquam
312 362 391 429 fines
406 361 520 428 Italiae
539 361 716 428 excessisse
732 381 836 445 neque
852 380 967 427 nauem
982 361 1215 429 conscendisse.

50 483 157 546 neque
186 484 278 531 mare
307 465 445 531 nouisse.
495 465 546 529 Ex
574 463 635 530 hoc
663 471 769 530 autem
799 465 870 530 loco
899 464 1042 546 sequitur
1071 485 1143 530 eum
1172 466 1206 529 ln

51 567 207 651 Aegypto
236 565 436 648 aliquamdiu
464 567 702 650 peregrinatum
730 586 811 634 esse.
856 564 1013 643 Quocirca
1040 568 1206 649 negauerit

52 669 218 753 quispiam
233 667 404 734 Aelianum
425 668 499 734 libri
522 668 563 733 de
585 669 777 734 animalibus
799 672 960 733 auctorem
981 687 1053 733 cum
1068 668 1204 733 Aeliano
1227 745 1230 753 Ι

11 835 15 843 ,
55 769 274 838 Philostrateo
300 790 397 835 unum
426 770 627 852 eundemque
657 788 736 836 esse.
780 769 849 834 Iam
872 789 949 835 uero
971 771 1031 836 iter
1052 770 1204 854 Aegypti,
1275 802 1280 809 ·

55 874 178 957 quippe
209 873 297 956 quod
326 893 396 940 cum
424 872 546 955 origine
575 872 762 937 animahum
790 870 942 938 historiae
972 873 1131 938 artissime
1154 893 1205 938 co·

56 975 190 1042 haereat
200 978 232 1058 ¹),
246 975 381 1058 perinde
396 979 493 1057 atque
509 972 590 1040 haec
605 974 646 1039 ad
662 980 880 1041 senescentem
895 975 1064 1041 Aelianum
1079 974 1206 1040 uidetur

57 1077 274 1144 reuocandum
301 1094 381 1142 esse.
425 1075 538 1158 Itaque
566 1077 595 1142 si
622 1076 790 1143 statuimus
818 1076 876 1142 illa
903 1078 1003 1143 uerba
1031 1078 1206 1160 inquibus

59 1180 252 1247 offendimus
274 1199 294 1243 a
315 1178 431 1245 iuuene
454 1178 541 1245 diota
562 1198 648 1263 esse,
681 1185 853 1262 antequam
876 1199 918 1245 ex
938 1179 1034 1244 Italia
1056 1179 1205 1246 mediter-

58 1302 156 1349 ranea
172 1283 293 1348 exisset
308 1315 349 1326 —
365 1287 433 1346 erat
447 1287 554 1346 autem
569 1280 795 1348 PraenestInus
811 1316 869 1364 —,
886 1280 1107 1346 consociantur
1122 1301 1205 1364 quae

56 1385 207 1470 opposita
229 1383 300 1450 uisa
322 1388 411 1449 eraut
432 1383 561 1448 Aeliani
584 1389 616 1448 et
638 1380 823 1450 Philostrati
845 1382 1009 1459 indiciae

142 1487 213 1551 Iam
235 1485 434 1568 temporibus
448 1485 576 1551 Aehani
599 1484 738 1552 definitIs
761 1485 877 1551 iactum
900 1489 949 1550 est
963 1484 1204 1551 fundamentum

56 1589 143 1655 unde
166 1607 303 1671 sequens
325 1587 461 1653 fontium
484 1588 665 1671 disquisitio
688 1587 915 1672 proficiscatur.

90 1774 137 1837 11.
172 1773 226 1838 Dc
248 1774 377 1839 Aeliani
397 1774 577 1838 auctoribus
599 1774 676 1859 qnid
695 1777 762 1837 nrio'
781 1774 869 1837 docti
887 1773 988 1836 odhnc
1008 1775 1172 1838 senserint.

144 1911 194 1978 De
217 1912 393 1996 originibus
416 1911 526 1977 uariae
547 1909 700 1977 historiae
715 1932 796 1978 unus
812 1913 879 1996 egit
893 1911 918 1976 Ι.
934 1911 1130 1995 Perizonius,
1154 1913 1205 1979 oui

57 2021 94 2080 ut
115 2015 177 2082 soli
199 2014 277 2080 fonti
301 2021 333 2080 et
355 2014 453 2099 capiti
475 2012 568 2081 huius
583 2014 816 2081 dissertationis
832 2016 968 2097 gratiam
984 2012 1087 2080 habeo
1103 2015 1204 2080 maxi·

54 2137 154 2182 mam.
198 2117 325 2182 Primus
355 2116 438 2182 enim
468 2115 687 2199 septendecim
709 2118 870 2182 uariorum
893 2116 1051 2199 capitibus
1073 2115 1116 2180 ad
1140 2113 1204 2180 δει-

56 2214 295 2304 πνοσοφιστὰς
316 2219 475 2285 reuocatis
497 2217 664 2284 Athenaeo
680 2218 849 2283 Aelianum
872 2237 965 2284 usum
988 2238 1059 2285 esse
1074 2218 1206 2309 demon-

57 2321 183 2386 strauit.
194 2322 218 2396 3)
241 2321 402 2404 Tempora
413 2327 520 2388 autem
532 2321 661 2386 Aeliani
677 2339 833 2403 quaerens
844 2320 1114 2386 necessitudinem
1127 2340 1209 2402 quae

56 2424 144 2489 inter
172 2429 341 2504 utrumque
369 2424 556 2507 scriptorem
585 2427 634 2488 est
660 2441 720 2487 nec
748 2441 805 2505 per
828 2440 862 2487 se
885 2421 990 2504 ipsam
1011 2442 1072 2489 neo
1093 2422 1148 2487 uia
1170 2443 1209 2488 ac

59 2527 187 2591 ratione
209 2525 368 2591 disseruit.
411 2525 503 2592 Idem
527 2525 568 2591 de
587 2525 719 2607 reliquis
735 2524 875 2590 fontibus
891 2523 972 2590 haec
988 2523 1066 2590 dicit
1074 2527 1112 2601 4);
1130 2522 1210 2592 ‘Ubi

61 2627 105 2692 ab
121 2625 289 2718 Athenaeo
311 2626 508 2710 discesseris,
532 2627 572 2693 de
596 2647 658 2711 quo
682 2628 746 2692 iam
760 2628 889 2712 saepius
906 2627 1040 2710 egimus,
1064 2633 1210 2693 auctores

57 2728 264 2813 potissimum
285 2728 384 2795 habet
405 2736 513 2796 noster
534 2731 702 2796 Platonem
725 2729 813 2806 (uide
835 2736 927 2795 notas
949 2728 992 2794 ad
1014 2729 1101 2815 VIII,
1127 2734 1153 2812 1,
1176 2732 1210 2812 23

57 2835 78 2895 9
103 2837 136 2896 et
157 2831 245 2914 XIV,
266 2833 297 2909 5)
319 2833 526 2898 Aristotelem
549 2834 602 2916 (II,
619 2834 675 2916 263
698 2832 756 2917 XI,
773 2837 791 2896 5
808 2837 839 2897 et
854 2831 945 2914 XIII,
965 2833 1014 2907 16)
1036 2830 1210 2898 Isocratem

59 2933 127 3016 (IV,
145 2935 164 2997 8
181 2939 212 2999 et
228 2934 266 3017 V,
284 2936 334 3009 10)
349 2924 574 3018 Thucydidem
596 2935 682 3016 (XII,
700 2938 750 3017 50,
768 2937 799 3012 7)
816 2935 913 2999 etiam
928 2933 1136 3018 Herodotum,
1153 2933 1211 3000 sed

57 3041 183 3101 mutata
206 3036 273 3102 eius
297 3036 435 3102 dialecto
459 3036 557 3119 (VIII,
576 3040 625 3112 17)
649 3043 681 3102 et
704 3037 834 3120 saepius
858 3035 1065 3104 Plutarchum
1089 3037 1157 3120 (XI,
1174 3038 1210 3121 93

57 3137 133 3221 XII,
158 3141 193 3222 33
216 3138 307 3221 XIII,
331 3140 388 3222 383
412 3141 452 3201 42
475 3137 572 3215 eto.)'.
617 3138 731 3221 Neque
757 3159 833 3205 uero
857 3135 932 3203 huic
955 3138 1130 3204 sententiae
1154 3137 1209 3203 ad-

56 3240 208 3324 stipulari
228 3247 350 3324 potero.

145 3343 344 3414 Animalium
366 3339 519 3409 historiae
541 3347 687 3409 auctores
707 3342 804 3408 etlam
820 3342 972 3425 spissiore
989 3341 1126 3423 caligine
1141 3340 1210 3407 uidi

56 3445 200 3511 obrutos.
244 3444 371 3509 Etenim
393 3443 427 3510 (i.
452 3443 489 3510 G.
512 3443 689 3527 Kuehnius,
714 3444 768 3527 qui
786 3441 843 3508 ‘de
865 3444 919 3508 uia
941 3464 979 3508 ac
1001 3443 1123 3508 ratione
1146 3464 1211 3527 qua

147 3614 172 3678 1)
192 3608 233 3664 Of.
252 3607 324 3664 infra
342 3625 402 3681 cap.
421 3610 494 3667 XIV.

146 3699 172 3761 1)
191 3693 319 3750 Similiter
336 3695 476 3750 Iacobsius
494 3695 523 3750 iu
541 3694 625 3763 praet.
645 3711 670 3764 p.
685 3692 803 3749 XXXVI
815 3692 907 3748 adnot.
924 3699 939 3748 3
958 3693 1125 3750 diuiuatione
1143 3711 1210 3765 qua·

55 3781 121 3837 dam
139 3793 209 3834 usna
227 3793 283 3833 rem
301 3779 426 3849 explicat.

143 3865 172 3932 3)
190 3862 281 3918 Praei.
300 3863 335 3918 ad
352 3881 379 3918 u.
392 3865 419 3919 h.
432 3882 459 3934 p.
473 3863 567 3918 XXIII
578 3879 634 3935 sqq.
654 3864 759 3920 Kuebu.

136 3955 174 4018 A)
191 3947 261 4004 Ibid.
279 3963 306 4017 p.
320 3947 411 4004 XXXI
421 3965 461 4018 sq.
