2714 4500
129 281 165 336 Dc
178 281 303 338 fontibus
315 283 414 351 quihus
425 283 556 338 Aelianus
574 283 602 338 in
619 282 697 338 naria
708 281 822 338 historia
834 283 1020 350 componenda
1035 298 1102 338 usus
1115 283 1159 338 sit.
1186 284 1246 344 115

87 454 135 520 in
148 455 229 521 libro
244 456 406 521 'mentione
422 454 499 540 Cyri
513 457 598 539 regis
614 455 725 521 hahita
745 454 939 519 retractandi
962 453 1156 537 leuandique
1179 456 1249 522 eius

88 558 205 642 operis
228 556 334 640 gratia
354 557 458 621 uirum
482 557 610 640 quidem
631 556 749 641 Cyrum
772 573 889 620 nauum
913 561 945 621 et
966 561 1128 622 strenuum
1148 556 1248 623 fuisse

87 658 227 742 dixerit,
247 655 406 732 παιδείας
421 655 457 722 δὲ
472 651 530 722 οὐκ
545 651 659 743 ὀρθῶς
673 650 787 744 ἧφθαι
801 653 839 719 τὸ
856 648 1034 736 παράπαν’
1046 656 1124 733 (uid.
1139 657 1248 741 legum

85 758 147 824 III
167 780 199 843 p.
216 758 326 833 6940)
348 766 407 825 eto.
442 760 594 825 Extremo
611 760 726 844 capite,
750 766 783 825 nt
797 760 889 824 Plato
906 766 938 824 et
952 756 1134 841 Xenophon
1150 761 1247 825 male·

86 862 261 927 ualentiae
276 861 409 927 crimine
431 868 614 944 purgentur,
636 861 718 927 haec
740 861 909 927 subiuncta
931 866 1016 926 sunt:
1037 853 1247 944 ‘aequipa-

88 965 206 1029 ratio
236 964 326 1047 ipsa
353 963 588 1046 plerumque
611 968 648 1028 et
669 963 865 1046 parilitas
888 962 1084 1026 uirtutum
1107 963 1190 1027 inter
1212 982 1247 1029 se

91 1065 328 1145 consimilium,
360 1063 484 1129 etiamsi
507 1063 717 1129 contentionis
740 1062 881 1128 studium
913 1070 945 1127 et
971 1063 1120 1130 uoluntas
1145 1065 1248 1148 abest,

91 1166 240 1250 speciem
263 1171 371 1230 tamen
393 1165 613 1230 aemulationis
635 1156 735 1230 creat'
762 1171 821 1229 etc.

184 1263 314 1350 Optime
337 1265 418 1331 haec
440 1265 540 1331 uerba
554 1265 653 1331 Gellii
675 1286 695 1330 a
716 1265 857 1330 Maassio
872 1265 892 1340 Ι)
915 1263 958 1329 ad
980 1265 1174 1329 Fauorinum
1197 1286 1247 1331 re·

91 1366 241 1432 feruntur
256 1369 358 1432 uirum
371 1359 610 1433 ‘memoriarum
624 1374 768 1431 ueterum
779 1356 1127 1447 exsequentissimum'.
1155 1364 1247 1443 Quae

93 1474 297 1552 quantopere
312 1470 504 1534 conueniant
518 1467 560 1532 ad
576 1467 700 1532 initium
715 1468 779 1533 loci
794 1486 890 1550 quem
906 1486 947 1531 ex
962 1466 1129 1532 Athenaeo
1151 1487 1247 1551 supra

20 1613 22 1616 -
93 1570 190 1634 attuli
205 1570 239 1633 in
254 1576 365 1652 aperto
389 1576 446 1636 est.
482 1569 597 1651 Neque
620 1588 696 1635 uero
719 1590 760 1635 ex
783 1569 954 1651 omnigena
975 1566 1110 1634 historia
1131 1565 1247 1634 hausta

96 1678 185 1754 sunt,
217 1671 275 1736 sed
304 1690 345 1736 ex
374 1671 439 1735 alio
462 1669 601 1752 quodam
628 1659 792 1736 uolumine
813 1670 984 1752 Fauorini,
1011 1675 1047 1734 ut
1073 1667 1202 1734 uidetur
1227 1691 1246 1736 e

97 1773 345 1838 commentariis.
383 1772 452 1836 Iam
466 1771 547 1837 fides
562 1770 714 1837 adiuncta
729 1777 778 1837 est
792 1771 857 1837 illis
873 1790 955 1854 quae
973 1770 1041 1836 dixi
1065 1789 1136 1836 eum
1159 1777 1247 1837 certa

95 1874 221 1939 ratione
236 1872 377 1939 fontibus
392 1873 459 1939 suis
475 1891 545 1938 esse
560 1893 652 1939 usum
668 1879 701 1939 et
715 1873 749 1938 in
762 1873 869 1939 lexico
891 1893 949 1940 suo
971 1873 1139 1956 repetiisse
1163 1892 1247 1955 quae

97 1979 193 2039 antea
214 1993 274 2057 per
295 1975 360 2040 alia
382 1975 502 2058 scripta
523 1974 727 2060 disperserat.
772 1974 904 2041 Scilicet
926 1994 967 2041 ex
996 1973 1059 2041 hoc
1086 1972 1247 2041 fluxerunt

101 2095 182 2158 quae
204 2073 389 2141 Athenaeus
412 2075 453 2141 de
475 2077 532 2141 illa
554 2077 756 2142 contentione
778 2074 1045 2161 philosophorum
1067 2074 1170 2141 affert.

183 2175 283 2258 Atqui
304 2175 541 2261 philosophum,
564 2178 699 2260 inquies,
722 2178 924 2242 Platonicum
939 2196 1002 2258 quo
1025 2175 1155 2241 tandem
1177 2178 1247 2243 iure

99 2285 191 2362 putas
213 2279 247 2342 in
268 2279 446 2362 principem
470 2285 502 2343 et
524 2278 637 2343 ducem
659 2297 737 2344 suae
759 2284 866 2344 sectae
889 2277 1043 2344 conuiciis
1066 2278 1247 2344 saeuiisse‘?

100 2379 163 2446 Sed
185 2399 250 2445 non
272 2386 330 2462 est,
353 2380 440 2461 quod
457 2381 490 2444 in
506 2399 545 2445 ea
559 2400 593 2445 re
609 2379 808 2445 haereamus.
842 2380 926 2445 Nam
940 2379 1119 2443 Fauorinus
1136 2398 1246 2460 quam·

101 2502 194 2562 quam
217 2481 270 2545 uel
291 2482 399 2565 potius
421 2488 592 2566 propterea
614 2480 701 2563 quod
723 2487 879 2563 quartam,
903 2499 999 2562 quam
1020 2479 1139 2561 dicunt,
1163 2480 1245 2545 Aca·

100 2584 240 2649 demiam
262 2583 423 2666 professus
439 2591 497 2666 est,
520 2583 570 2647 uir
591 2589 660 2648 erat
682 2583 732 2649 sui
753 2582 908 2664 iudiciill,
931 2601 969 2647 ac
992 2581 1019 2647 si
1041 2599 1124 2663 eum,
1147 2587 1182 2645 ut
1203 2581 1247 2647 ad

99 2687 255 2751 rationem
277 2685 564 2767 Peripateticorum
585 2685 741 2767 uergebat
750 2686 773 2761 ³)
797 2690 829 2749 et
850 2682 1112 2749 iucundissimam
1135 2702 1244 2765 quarn-

100 2806 160 2869 que
184 2785 362 2851 doctrinam
384 2785 516 2851 arbitrio
539 2804 596 2851 suo
618 2784 746 2850 uidetur
768 2785 936 2869 amplexus
960 2788 1074 2867 esse⁴),
1097 2784 1143 2848 ita
1162 2783 1245 2848 uitu-

98 2907 228 2970 perasse
244 2886 403 2953 credimus
419 2888 550 2968 quaein
566 2887 701 2952 Platone
723 2887 787 2971 ipsi
810 2884 1057 2970 displicuissent,
1079 2904 1155 2950 num
1178 2905 1246 2950 rem

98 2991 204 3053 animo
225 2987 374 3071 fingimus
397 2988 438 3053 ab
461 2989 530 3054 eius
552 2989 683 3072 ingenio
708 2987 869 3053 alienam?
913 2987 1062 3053 Ceterum
1084 2985 1244 3051 Athenaei

99 3091 214 3174 capita,
238 3091 369 3171 quaein
384 3088 491 3155 medio
507 3096 589 3172 sunt,
612 3109 676 3155 non
698 3095 763 3154 tarn
785 3087 829 3154 ad
850 3087 959 3154 odium
975 3087 1117 3152 Platonis
1133 3086 1244 3151 uiden·

97 3197 147 3256 tur
169 3190 351 3257 reuocanda
373 3210 443 3257 esse
466 3211 562 3273 quarn
584 3190 628 3256 ad
650 3189 790 3256 studium
818 3188 981 3272 quoddam
1009 3187 1089 3253 uitia
1116 3189 1244 3269 generis

98 3291 228 3357 humani
250 3291 425 3377 praeclaris
447 3293 605 3376 exemplis
628 3290 845 3357 confirmandi.

182 3395 300 3459 Verum
323 3392 410 3475 quod
431 3393 610 3458 fabulosam
632 3391 810 3458 Alexandri
839 3391 1004 3458 historiam
1033 3409 1090 3472 per
1119 3389 1243 3473 species

98 3494 291 3579 discerptam
307 3495 340 3558 in
355 3495 495 3559 lexieum
511 3494 662 3558 Fauorini
684 3494 838 3559 intextam
861 3494 960 3558 fuisse
982 3490 1074 3556 nobis
1097 3496 1165 3557 erat
1179 3497 1244 3555 sta·

98 3595 249 3662 tuendum
260 3601 292 3677 5),
308 3595 336 3660 si
351 3595 487 3677 legimus
498 3594 573 3659 Ath.
586 3596 607 3659 l.
618 3595 684 3659 XII
699 3600 795 3678 caput
807 3597 856 3677 55,
872 3592 927 3658 ubi
943 3592 984 3658 de
999 3593 1126 3658 luxuria
1137 3592 1244 3675 singu·

97 3698 200 3763 lorum
216 3697 368 3778 deinceps
383 3695 559 3761 Alexandri
581 3698 761 3778 legatorum
782 3697 897 3778 agitur,
919 3714 1023 3760 nonne
1039 3693 1100 3760 hac
1115 3713 1243 3759 enume-

97 3799 221 3863 ratione
243 3818 350 3863 rursus
374 3797 415 3861 de
437 3797 545 3862 indole
567 3797 757 3879 omnigenae
780 3796 932 3863 historiae
948 3795 1207 3862 commonemur?

186 3952 209 4011 1)
226 3946 258 3999 L.
269 3947 286 3999 l.
305 3963 332 4013 p.
344 3951 441 4013 ltsqq.
511 3948 537 4008 2)
555 3945 623 3999 Gell.
636 3944 697 4009 XX,
709 3951 732 4008 1,
742 3952 766 4000 9.
828 3949 854 4009 3)
872 3945 943 4000 Plut.
955 3951 1070 4014 quaestt.
1081 3943 1245 4009 conulllII,

101 4036 140 4095 10,
151 4034 174 4083 2.
245 4034 270 4093 4)
289 4029 395 4084 Matres
412 4046 439 4097 p.
451 4034 482 4082 55
493 4044 550 4098 sqq.
621 4034 646 4095 5)
664 4029 745 4100 Pagg.
760 4034 792 4084 ul
802 4046 859 4100 sqq.
879 4037 906 4085 et
924 4037 1004 4099 losq.

1007 4114 1046 4164 Q*
