2790 4508
163 1033 291 1145 Fontes
313 1079 423 1144 uariae
446 1078 599 1157 historiae
622 1099 717 1161 quam
740 1078 893 1144 claudius
916 1081 1071 1147 Aelianus
1087 1083 1224 1147 Praene·

73 1180 178 1246 stinus
200 1181 378 1265 composuit
400 1182 433 1245 in
456 1180 536 1246 duas
557 1181 698 1246 rationes
720 1180 836 1247 disseri
858 1189 1000 1265 possunt.

159 1281 314 1347 Aelianus
331 1281 415 1346 enim
432 1283 577 1363 quamuis
590 1282 760 1347 multorum
772 1284 960 1367 scriptorum
973 1284 1126 1365 reliquias
1138 1285 1224 1350 solus

71 1385 253 1450 seruauerit
268 1389 301 1449 ct
314 1403 379 1447 non
393 1403 498 1466 pauca
514 1383 619 1449 tradat
634 1403 717 1466 quae
732 1383 775 1449 ad
790 1386 1014 1466 antiquitatem
1030 1405 1222 1467 cognoscen-

71 1485 150 1551 dam
173 1486 280 1569 magni
303 1486 456 1550 momenti
478 1486 551 1566 sint,
575 1492 746 1570 propterea
764 1485 851 1567 quod
867 1505 922 1551 eos
939 1505 1071 1567 quorum
1087 1486 1222 1551 auctori-

70 1593 140 1652 tate
162 1588 249 1652 nisus
273 1592 321 1652 est
342 1586 476 1652 reticere
499 1588 596 1670 solet,
620 1587 756 1652 fructum
779 1587 871 1654 nobis
894 1587 1027 1671 praebet
1048 1608 1106 1671 pro
1129 1588 1224 1671 copia

70 1706 179 1753 rerum
193 1694 390 1753 narratarum
406 1688 572 1754 minorem.
609 1689 678 1753 Iam
693 1709 769 1754 uero
787 1690 814 1754 si
830 1690 882 1754 cui
897 1689 978 1754 forte
994 1690 1172 1773 contigerit,
1188 1694 1224 1755 ut

71 1809 329 1872 unamquamque
358 1790 628 1856 narratiunculam
657 1792 760 1874 primo
783 1791 898 1873 cuique
921 1791 1042 1855 auctori
1065 1791 1221 1875 restituat,

71 1891 211 1956 utilitate
227 1910 300 1956 eum
316 1892 343 1957 si
358 1912 422 1957 non
436 1910 558 1975 parem,
574 1898 608 1956 at
624 1899 708 1958 certe
724 1893 909 1958 similiorem
924 1891 1039 1957 reddet
1054 1891 1220 1958 Athenaeo

70 1992 277 2076 Diogeniquc
291 1992 420 2058 Laertio
437 2000 468 2058 et
483 1993 581 2058 libros
597 1994 713 2076 quibus
725 1994 904 2076 fragmenta
919 1995 1108 2078 scriptorum
1122 1993 1220 2061 Grae-

71 2113 184 2160 corum
208 2092 437 2178 comprehensa
459 2100 532 2160 sunt
554 2093 641 2160 haud
664 2097 751 2161 tenui
775 2096 969 2161 incremento
993 2097 1133 2178 augebit.

158 2195 224 2262 Sed
252 2197 336 2280 ipse>
352 2197 415 2262 sibi
438 2197 598 2279 consulat,
628 2199 655 2263 si
681 2199 752 2280 quis
775 2197 878 2262 fontes
900 2199 1088 2262 remotiores
1110 2198 1220 2262 uariae

67 2297 224 2364 historiae
238 2298 393 2381 indagare
408 2297 623 2382 aggredietur.
653 2299 722 2380 Ego
738 2298 903 2381 proximos
917 2297 1047 2362 Aeliani
1062 2305 1218 2381 auctores,

68 2400 185 2482 quibus
207 2399 277 2484 ipse
300 2420 375 2466 usus
398 2400 448 2482 sit,
473 2399 534 2465 hac
556 2400 781 2466 dissertatione
805 2417 916 2464 eruere
940 2399 1089 2463 conabor.

327 2585 353 2652 I.
388 2584 442 2648 Dc
467 2583 591 2648 Claudii
611 2586 739 2648 Aeliani
759 2583 957 2668 temporibus.

153 2723 235 2786 Eum
256 2721 429 2786 Aelianum
460 2722 514 2803 qui
545 2723 661 2788 librum
687 2722 727 2788 de
750 2720 938 2788 instruenda
960 2710 1029 2785 acie
1053 2720 1217 2787 Hadriano

10 2902 13 2908 ,
66 2824 266 2907 nuncupavit
288 2822 448 2888 diuersum
473 2843 544 2889 esse
566 2825 607 2889 ab
630 2825 766 2891 Aeliano
790 2821 950 2908 sophista,
981 2823 1072 2888 cuius
1095 2825 1217 2888 uariam

67 2923 234 2991 historiam
251 2930 282 2990 et
297 2925 396 2990 libros
412 2924 452 2989 de
468 2926 659 2991 animalibus
675 2923 840 3008 habemus,
864 2926 1020 2991 Henricus
1036 2924 1184 2990 Valesius
1197 2928 1218 3003 ¹)

66 3027 245 3093 manifestis
261 3027 350 3093 fulsit
364 3029 568 3111 argumentis.
597 3028 718 3093 Valesii
734 3028 925 3094 sententiam
938 3027 1075 3092 Iacobus
1091 3027 1216 3092 Perizo-

65 3128 137 3194 nius
147 3131 170 3204 2)
186 3128 257 3212 ipsc
271 3130 396 3195 nescius
412 3130 588 3214 amplexus,
605 3135 639 3194 ut
653 3129 752 3193 uitam
766 3128 894 3194 Claudii
906 3128 1034 3193 Aeliani
1051 3127 1216 3212 sophistae

65 3229 246 3295 Alexandri
261 3229 374 3297 Severi
389 3231 585 3314 temporibus
600 3231 752 3314 assignet,
775 3231 876 3296 tribus
893 3229 1093 3295 documentis
1109 3229 1214 3294 utitur.

64 3332 172 3414 Atque
200 3333 338 3416 primum
367 3333 496 3415 quidem
519 3331 748 3398 Philostratum
778 3331 930 3414 temporis
960 3330 1104 3396 ordinem
1127 3349 1215 3395 secu·

64 3440 130 3498 tum
158 3434 242 3499 uitas
272 3433 488 3517 sophistarum
517 3426 744 3519 conscripsisse
775 3434 987 3513 demonstrat;
1018 3434 1051 3496 in
1082 3451 1216 3514 quarum

64 3536 148 3600 serie
171 3534 237 3600 fere
260 3536 389 3602 ultimas
413 3556 483 3602 esse
506 3537 656 3619 Philisci,
684 3536 829 3618 Aeliani,
860 3533 1042 3616 Heliodori,
1065 3533 1214 3618 Aspasii;

151 3707 175 3769 1)
192 3701 385 3758 Emendatt.V
403 3719 429 3772 p.
445 3706 501 3759 121.

150 3791 175 3854 2)
193 3786 283 3843 Praei.
303 3787 338 3842 ud
355 3788 414 3843 Ael.
430 3802 488 3842 uar.
501 3787 564 3842 hist.
582 3804 609 3857 p.
622 3785 689 3840 XIX
698 3801 755 3855 sqq.
775 3786 803 3840 in
821 3785 853 3840 G.
867 3783 984 3839 Kuehnii
996 3782 1058 3838 edit.
1073 3799 1131 3839 uar.
1150 3784 1213 3840 hist.

63 3871 139 3943 Lips.
162 3876 228 3928 1780
246 3872 387 3942 (praelatio
411 3888 481 3942 quae
506 3871 534 3926 iu
556 3871 673 3927 editione
690 3870 826 3925 Perizouii
843 3870 904 3940 ipsa
922 3873 964 3925 est
981 3868 1120 3924 notatione
1137 3870 1213 3939 pugi·

62 3975 158 4014 narum
176 3962 269 4023 caret).

979 4043 1008 4094 1*
