2714 4500
86 238 132 293 De
151 239 281 295 fontibus
300 239 396 307 quibus
409 237 537 292 Aelianus
554 236 583 290 in
600 236 676 291 uaria
688 235 802 290 historia
816 234 1002 304 componenda
1014 249 1081 288 usus
1093 234 1136 290 sit.
1176 235 1213 291 15

87 446 90 452 ·
145 410 278 478 Deinde
307 412 456 494 quoniam
479 411 649 477 Aelianum
679 410 825 492 uestigiis
849 409 917 474 eius
941 408 1118 476 inhaesisse
1140 429 1212 477 con·

57 521 137 598 stat,
172 534 325 598 quorsum
353 512 387 578 id
409 514 569 598 pertineat
595 513 707 578 elucet.
754 511 847 578 Certe
869 511 954 577 enim
976 512 1048 577 illos
1071 512 1214 581 XXVIII

57 619 147 684 locos
181 636 262 700 quos
292 615 405 681 eodem
435 613 531 680 modo
560 615 733 698 dispositos
756 612 902 697 exhibet,
933 634 994 697 quo
1017 614 1212 701 Athenaeus,

60 719 135 785 huie
166 719 274 784 debet
318 718 501 800 Equorum
524 736 656 783 numero
680 716 742 781 duo
766 736 808 782 ex
831 716 899 780 eius
923 716 1004 782 libro
988 737 1128 812 nono,
1156 740 1212 786 un-

61 822 168 888 decim
192 840 234 886 ex
256 819 391 924 decimo,
416 817 599 901 quindecim
622 837 663 882 ex
686 816 876 910 duodecimo
900 793 1030 901 sumpti
1041 826 1121 886 sunt.
1156 821 1212 888 Se·

61 925 170 1007 quitur
195 921 254 988 hos
277 928 340 987 tres
363 926 449 986 certe
472 919 571 985 libros
594 919 625 984 ei
646 917 689 984 ad
711 939 841 984 manum
857 920 964 987 fuisse.
997 921 1078 988 Item
1094 923 1210 990 librum
1289 946 1293 975 r

60 1025 281 1106 undecimum,
312 1023 461 1106 quoniam
484 1022 517 1086 in
518 1028 566 1087 ter
518 1020 748 1087 tdecimum
772 1027 803 1086 et
825 1022 1050 1088 duodecimum
1074 1025 1212 1110 interpo-

60 1130 142 1194 situs
172 1132 230 1193 est.
274 1126 317 1190 At
303 1126 428 1191 tenim
456 1121 578 1189 nolim
601 1144 640 1190 eo
663 1121 827 1189 offendere
849 1125 935 1207 quod
959 1124 1052 1193 huius
1075 1129 1213 1212 uestigia

61 1233 95 1296 in
118 1230 210 1296 uaria
233 1227 366 1294 historia
387 1228 484 1310 plane
500 1224 731 1292 desiderantur.
766 1225 890 1311 Nempe
906 1227 1030 1294 taeduit
1046 1250 1118 1296 eum
1133 1232 1210 1300 istas

59 1329 192 1418 putidas
215 1331 401 1416 poculorum
425 1328 719 1410 commentationes,
744 1328 858 1410 quibus
877 1330 945 1395 eius
962 1332 1069 1415 capita
1083 1334 1212 1400 I-OX

59 1435 281 1515 continentur,
311 1430 531 1497 transcribere.
577 1428 671 1508 Quod
699 1448 776 1494 uero
801 1449 882 1512 quae
906 1433 1040 1497 extremi
1062 1434 1136 1500 libri
1159 1456 1210 1502 ca·

58 1538 183 1622 pitibus
199 1533 405 1602 OX-OXX
427 1534 459 1598 in
483 1533 650 1598 Platonem
673 1530 847 1597 afferuntur·
863 1533 1099 1602 criminationes
1115 1538 1155 1603 ab
1172 1559 1210 1606 eo

58 1636 307 1724 praetermissae
330 1641 411 1718 sunt,
437 1634 695 1718 quandoquidem
719 1632 813 1700 huius
835 1633 1022 1721 philosophi
1045 1644 1209 1724 magnoin

59 1760 101 1806 eo
126 1744 195 1805 erat
215 1738 425 1821 admiratiob,
453 1737 549 1803 etiam
572 1736 675 1802 minus
698 1742 747 1801 est
769 1756 824 1802 our
848 1739 1005 1804 miremur

147 1842 216 1906 lam
247 1847 281 1906 ut
302 1840 401 1905 libros
422 1837 581 1932 Athenaei
604 1839 652 1903 IX
673 1839 706 1907 Χ
728 1840 799 1940 (XI)
822 1841 886 1905 XlI
908 1843 938 1907 ei
938 1849 1089 1931 praesto
1110 1844 1210 1911 fuisse
1338 1888 1342 1897 «

60 1950 183 2011 certum
208 1948 271 2025 est,
294 1929 339 2007 ita
357 1926 490 2007 ceteri
481 1962 514 2005 m
536 1960 628 2006 usum
651 1936 759 2007 uariae
783 1938 935 2008 historiae
957 1965 1020 2010 non
1043 1945 1115 2012 sunt
1138 1968 1209 2013 con·
1282 2025 1283 2028 Ἴ

56 2047 163 2131 uersi3
194 2030 380 2127 neutiquam
409 2043 482 2108 libri
505 2042 629 2107 I-VlI
651 2050 682 2108 et
703 2043 773 2126 XV,
806 2043 839 2109 id
863 2046 949 2127 quod
972 2050 1210 2130 comparatione

57 2151 226 2231 utriusque
248 2145 397 2230 florilegii
420 2165 516 2230 supra
538 2145 682 2210 instituta
705 2152 900 2229 compertum
923 2146 1086 2215 habemus.
1125 2150 1209 2229 Quin
1314 2142 1317 2151 ’

57 2270 100 2316 ne
123 2250 319 2332 reliquorum
338 2246 468 2330 quidem
483 2248 635 2313 librorum
653 2247 818 2328 rationem,
842 2249 956 2331 octaui,
981 2249 1097 2316 decimi
1113 2254 1207 2336 tertii,

59 2352 180 2418 decimi
196 2352 310 2435 quarti,
327 2369 519 2433 quamquam
535 2348 668 2431 singulis
684 2355 739 2414 aut
754 2349 837 2413 binis
853 2349 1011 2416 lemmatis
1028 2350 1070 2416 ad
1086 2354 1207 2419 uariam

59 2454 228 2521 historiam
251 2452 422 2535 accedunt,
453 2452 494 2517 ab
517 2452 581 2516 illis
604 2450 764 2517 diuersam
789 2470 859 2516 esse
881 2452 1004 2535 patebit
1027 2455 1054 2519 si
1077 2454 1207 2521 demon-

58 2558 203 2634 strauero

145 2678 176 2722 u.
190 2656 221 2722 h.
237 2657 275 2740 V,
291 2659 310 2720 9
333 2676 396 2722 non
419 2675 489 2722 esse
512 2676 553 2722 ex
575 2655 650 2721 Ath.
667 2656 744 2721 VIII
765 2677 796 2739 p.
815 2656 938 2720 catab.

145 2780 175 2825 u.
189 2759 220 2824 h.
237 2759 310 2840 XII,
329 2761 367 2822 13
390 2778 453 2822 non
475 2777 546 2824 esse
569 2778 610 2824 ex
632 2757 706 2823 Ath.
722 2758 803 2824 XIII
825 2779 856 2843 p.
874 2757 997 2824 584de.

144 2882 175 2926 u.
189 2860 220 2925 h.
236 2860 294 2942 XI,
313 2863 351 2924 12
374 2881 437 2926 non
460 2879 530 2925 esse
553 2879 594 2925 ex
616 2860 690 2926 Ath.
707 2862 784 2926 XIV
806 2882 837 2946 p.
854 2861 943 2925 643i.

144 2983 175 3028 u.
189 2962 219 3027 h.
235 2961 322 3044 XIV,
340 2964 379 3025 23
402 2982 465 3027 non
487 2981 558 3028 esse
582 2982 622 3028 ex
644 2962 718 3028 Ath.
734 2963 811 3028 XIV
834 2983 864 3047 p.
882 2964 1110 3030 uuas-cruc.

63 3080 202 3159 Quorum
231 3083 373 3147 locorum
402 3082 577 3147 communis
607 3081 686 3149 haec
716 3089 765 3148 est
794 3082 956 3167 condicio,
984 3091 1017 3150 ut
1039 3104 1142 3168 neque
1165 3084 1207 3149 ad

61 3183 219 3249 Athenaei
248 3184 348 3249 libros
370 3183 418 3247 IX
440 3183 472 3247 X
493 3183 558 3247 XII
579 3183 714 3266 iaciant,
743 3205 802 3250 nec
830 3186 1004 3253 secundum
1028 3205 1099 3251 eum
1123 3184 1206 3251 ordi·

62 3305 131 3351 nem
154 3305 217 3368 quo
241 3285 269 3350 is
292 3305 350 3350 sua
372 3284 529 3367 disposuit
552 3291 583 3351 et
606 3306 699 3367 quem
722 3288 876 3354 Aelianus
891 3287 1033 3352 XXVIII
1055 3288 1206 3352 lemmata

61 3393 205 3453 mutuans
229 3387 378 3470 religiose
402 3386 504 3452 tenuit
525 3386 558 3451 in
581 3387 671 3453 uaria
694 3388 828 3455 historia
851 3390 998 3455 collocati
1021 3389 1092 3453 sint.
1138 3389 1206 3456 Hos

62 3507 119 3572 ego
149 3496 186 3554 ut
207 3487 375 3553 Athenaeo
404 3487 635 3555 abiudicandcs
665 3510 736 3556 esse
767 3511 914 3557 censeam
942 3512 1012 3557 cum
1045 3490 1105 3555 hac
1135 3492 1206 3575 ipsa

61 3609 156 3658 causa
179 3597 246 3655 tum
268 3590 483 3673 peculiaribus
506 3610 588 3673 quae
611 3590 767 3657 accedunt
790 3595 957 3660 momentis
980 3593 1131 3658 adducor.

143 3692 239 3771 Quod
262 3691 348 3757 enim
362 3691 404 3756 ad
421 3689 710 3778 δειπνοσοφιστῶν
726 3694 842 3759 librum
857 3695 936 3760 XlIl
952 3696 1075 3778 attinet,
1099 3696 1205 3762 Aelia-

59 3812 116 3861 nus
139 3800 277 3878 excepto
293 3792 367 3857 libri
382 3793 446 3857 XII
462 3793 567 3877 capite
585 3797 623 3858 13
645 3794 838 3879 ubicumque
853 3796 1035 3862 historiolas
1051 3795 1091 3862 de
1107 3818 1206 3863 mere·

145 3999 169 4057 1)
188 3992 274 4048 velut
292 3991 327 4046 cf.
345 3993 630 4061 u.h.ll,18,111,19,
648 3993 695 4060 ιι,
708 4000 732 4059 o,
746 3994 780 4062 x,
794 4000 834 4062 ιι,
852 3996 913 4064 ιιι,
927 4003 968 4053 45,
