2714 4500
130 217 191 276 ιιι
590 215 667 271 nem
685 215 809 285 nurorpn

212 389 330 455 Narrat
344 389 507 473 Diogenes
522 389 579 472 III,
595 392 633 453 19
657 389 823 454 Platonem
840 409 860 453 a
876 387 1002 454 Pollide
1017 387 1276 455 Lacedaemonio

127 491 266 558 ueniisse
284 490 440 575 Aeginae,
463 511 558 574 quam
581 491 717 557 insulam
733 492 876 557 Platonis
897 491 1035 574 patriam
1057 490 1156 557 fuisse
1171 491 1288 556 Fauo--

126 594 214 659 rinus
238 593 271 657 in
294 611 322 658 o.
344 590 375 657 h.
399 590 510 658 docuit
536 592 604 676 (III,
622 593 669 675 3);
699 593 732 657 in
754 593 862 658 medIa
884 599 991 658 autem
1011 591 1215 676 paragrapho
1236 596 1276 655 19

128 693 169 760 de
184 694 318 761 Platone
339 691 421 760 haec
443 693 632 778 interposita
653 700 740 760 sunt:
768 677 808 780 ἦν
824 685 856 757 δ’
877 685 976 769 αὐτὸς
998 687 1015 758 ὁ
1039 693 1116 768 θείς
1137 689 1195 757 τὸν
1219 689 1277 757 νό-

125 818 217 876 μον,
233 790 326 858 καθά
349 815 433 880 φησι
457 798 543 878 wop.
567 790 601 859 ἐν
623 817 660 858 π.
685 793 706 859 ἱ.
750 795 818 861 Iam
841 815 917 861 uero
939 794 1143 861 recordemur
1164 796 1276 860 uariae

126 895 279 963 historiae
301 896 322 961 l.
338 897 419 962 XIII
440 898 547 981 capita
562 899 697 979 23-25,
721 897 775 963 ubi
794 901 1016 962 enumerantur
1038 897 1092 979 qui
1115 917 1156 962 ex
1177 896 1276 962 rebus

126 996 275 1066 seeundIs
290 998 426 1065 fructum
441 999 587 1065 utilitatis
603 1018 666 1064 non
676 999 891 1083 perceperint,
911 998 953 1064 ad
970 999 1158 1081 omnigenae
1173 997 1274 1064 histo-

126 1101 194 1165 riae
216 1105 339 1184 partem
360 1118 441 1167 uoce
463 1099 664 1182 παλίγκοτος
690 1107 832 1167 notatam
854 1120 951 1184 supra
972 1100 1064 1166 nobis
1089 1099 1276 1166 reuocanda

126 1202 234 1268 fuisse.
278 1200 426 1267 Indidem
448 1201 575 1267 uidetur
597 1200 743 1267 deriuata
765 1222 835 1268 esse
863 1203 921 1268 illa
942 1203 1082 1268 narratio
1104 1201 1274 1285 DiogenIs,

126 1303 182 1386 qui
204 1303 311 1370 uerbis
332 1287 373 1388 ἦν
392 1294 424 1366 δ’
446 1293 544 1378 αὐτὸς
567 1296 584 1368 ὁ
607 1303 684 1378 θείς
705 1299 763 1367 τὸν
786 1299 887 1383 νόμον
909 1310 1130 1388 argumentum
1153 1304 1185 1366 in
1209 1323 1275 1384 quo

126 1406 245 1470 lemma
266 1405 469 1488 παλίγκοτος
490 1404 677 1471 uersabatur
699 1403 879 1487 significare
902 1407 979 1472 satis
1002 1404 1123 1483 habuit,
1146 1404 1275 1485 reliqua

126 1525 210 1588 quae
232 1506 376 1573 indidem
397 1513 558 1572 mutuatus
581 1512 630 1572 est
650 1506 810 1571 Fauorino
832 1506 935 1570 noluit
956 1507 1103 1573 tribuere.

107 1617 108 1620 ’
211 1609 327 1690 Agitur
349 1609 422 1675 libri
437 1609 486 1674 HI
507 1606 718 1692 paragraphis
735 1609 860 1670 48-62
882 1609 1044 1692 perpetuis
1066 1607 1107 1674 de
1129 1608 1274 1691 dialogo,

126 1714 223 1791 atque
245 1711 291 1780 ita
313 1708 453 1794 quidem,
481 1716 516 1775 ut
537 1711 628 1775 Initio
651 1710 684 1773 in
705 1709 887 1774 uniuersum
910 1709 951 1775 de
973 1711 1006 1774 ui
1028 1729 1067 1775 ac
1088 1710 1217 1775 notione
1241 1719 1274 1775 et

127 1808 168 1875 de
190 1811 360 1892 generibus
383 1811 467 1894 eius,
496 1810 571 1876 dein
594 1811 635 1876 de
657 1812 858 1894 dialogorum
880 1810 1024 1876 Platonis
1045 1812 1272 1894 partitionibus

126 1916 159 1976 et
186 1929 316 1976 numero
338 1916 518 1993 quaeratur.
563 1910 626 1989 Qui
654 1911 737 1978 hanc
767 1913 1065 1979 commentationem
1092 1915 1273 1997 composuit

125 2018 199 2096 post
214 2010 408 2096 Thrasylum
421 2013 513 2096 uixit,
537 2015 591 2096 qui
614 2015 647 2079 in
670 2017 744 2090 §56
766 2014 961 2096 nominatur,
985 2013 1059 2080 dein
1075 2020 1143 2079 erat
1164 2013 1271 2098 philo·

125 2111 247 2196 sophus
268 2114 302 2178 in
324 2110 451 2197 scriptis
473 2114 646 2182 Platonicis
669 2136 871 2201 summopere
892 2121 1051 2199 uersatus;
1074 2135 1168 2198 porro
1191 2136 1270 2199 gau·

126 2213 225 2280 debat
247 2214 386 2298 quadam
412 2217 607 2297 aequalitate
635 2219 813 2302 argumenti
841 2215 1119 2300 diiudicandisquc
1147 2218 1271 2300 aporiis

125 2317 157 2392 (ξ
173 2318 281 2399 61sq.)
305 2324 338 2383 et
359 2317 506 2400 dialogos
528 2319 683 2401 genuinos
706 2339 726 2384 a
747 2319 864 2402 spuriis
893 2319 1030 2388 secreuit
1059 2319 1132 2397 (62).
1177 2318 1269 2384 Haeo

126 2419 234 2483 omnia
256 2420 448 2484 conueniunt
469 2417 513 2484 ad
531 2420 682 2485 Fauorini
705 2420 908 2502 omnigenam
930 2417 1105 2502 historiam,
1129 2440 1210 2503 quae
1234 2421 1270 2484 in

125 2518 234 2585 media
249 2519 472 2586 dissertatione
485 2523 514 2598 (ξ
527 2523 579 2599 57)
594 2521 755 2587 laudatur:
780 2517 846 2584 εἰσὶ
860 2522 980 2598 τοίνυν,
996 2520 1098 2605 φησὶν
1111 2525 1165 2599 (sc.
1177 2524 1270 2605 Θρα-

125 2616 252 2700 σύλος),
283 2619 316 2684 οἱ
339 2619 462 2696 πάντες
485 2611 574 2704 αὐτῷ
597 2619 726 2705 γνήσιοι
748 2618 898 2704 διάλογοι
919 2617 956 2697 ἓξ
974 2621 1030 2685 καὶ
1053 2618 1268 2706 πεντήκοντα,

124 2722 183 2804 τῆς
210 2719 270 2802 μὲν
292 2721 466 2798 πολιτείας
494 2719 541 2798 εἰς
569 2719 646 2786 δέκα
669 2721 899 2808 διαιρουμένης
920 2757 962 2768 -
983 2719 1023 2807 ἣν
1044 2724 1099 2786 καὶ
1122 2717 1269 2807 εὑρίσκε-

125 2823 213 2886 σθαι
235 2819 350 2902 σχεδὸν
364 2814 443 2911 ὅλην
465 2819 559 2908 παρὰ
574 2819 783 2909 Πρωταγόρᾳ
805 2817 838 2886 ἓν
851 2835 923 2899 τοῖς
945 2815 1162 2906 ἇντιλογικοῖς
1184 2845 1270 2910 φησι

126 2926 381 3008 Φαβωρῖνος
407 2920 446 2989 έν
468 2948 505 2989 π.
530 2923 551 2990 ἱ.
576 2923 751 3009 δευτέρῳ
775 2959 815 2968 -
836 2927 902 2989 τῶν
925 2924 960 2990 δέ
983 2923 1091 3007 νόμων
1115 2923 1162 3001 εἰς
1190 2925 1270 2990 δυο-

126 3024 270 3090 καίδεκα.
304 3027 445 3095 Paucula
467 3028 563 3110 igitur
577 3028 738 3110 Diogenes
754 3026 913 3092 Fauorino
935 3025 1120 3111 adscripsit;
1142 3030 1269 3111 largam

125 3127 168 3195 de
183 3128 321 3212 dialogis
337 3130 633 3195 commentationem
655 3146 689 3193 se
712 3123 862 3191 ἐκτοῦδ’
880 3131 1042 3207 στοιχείου
1065 3130 1161 3195 lexici
1179 3131 1267 3197 illius

125 3230 262 3296 furatum
284 3248 355 3296 esse
378 3230 607 3297 dissimulabat.

212 3329 370 3408 Quoniam
391 3332 539 3416 apparuit
562 3332 595 3395 in
623 3331 697 3396 uitis
725 3331 794 3397 eius
821 3333 979 3415 permulta
1007 3333 1112 3398 inesse
1133 3331 1267 3398 Fauori-

126 3433 222 3498 niana
244 3451 326 3514 quae
341 3433 499 3499 Fauorino
521 3431 641 3516 apertis
663 3432 769 3498 uerbis
791 3453 854 3498 non
876 3433 1086 3515 uindicantur,
1109 3439 1266 3516 quatenus

126 3553 167 3598 ea
192 3533 373 3616 pertineant
402 3532 618 3616 quaerendum
647 3539 704 3599 est.
754 3532 993 3616 Cognoscuntur
1022 3535 1175 3618 singulari
1208 3537 1268 3601 illa

125 3634 248 3699 ratione
271 3654 335 3717 qua
356 3641 501 3700 auctores
522 3636 732 3701 nominantur.
777 3635 827 3699 Ex
848 3635 1008 3703 Fauorino
1030 3637 1126 3720 igitur
1147 3637 1266 3720 Dioge-

126 3751 183 3800 nes
198 3732 343 3801 Laertius
358 3735 477 3819 pendet
491 3736 683 3818 ubioumque
705 3736 769 3801 tale
792 3734 870 3818 quid
893 3735 970 3802 dicit
991 3739 1086 3820 quale
1108 3738 1141 3802 in
1156 3738 1210 3821 VI,
1225 3742 1266 3803 2ss

127 3835 168 3900 de
196 3834 342 3917 Diogene
369 3836 504 3920 Cynico:
538 3837 654 3901 πατῶν
684 3827 784 3900 αὐτοῦ
812 3839 865 3916 (sc.
888 3835 1082 3916 Πλάτωνος)
1111 3860 1195 3903 ποτε
1223 3837 1268 3904 τὰ

126 3931 306 4021 στρώματα
326 3934 518 4024 κεκληκότος
533 3937 652 4023 φίλους
672 3933 765 4022 παρὰ
780 3940 970 4019 Διονυσίου,
993 3937 1056 4026 ἔφη
1077 3933 1189 4004 ‘auaui
1205 3938 1267 4025 τὴν
