2714 4500
112 203 176 263 134
578 192 656 250 reru
670 157 800 263 'nurorpn
830 223 835 235 ,

197 370 364 440 Accedunt
392 370 466 436 alia.
510 366 704 434 Fauorinum
734 364 1041 450 apophthegmatum
1070 371 1257 433 uenatorem

109 478 211 544 fuisse
233 477 372 555 constat,
401 470 444 537 ad
466 467 738 554 apophthegmata
759 488 877 551 magna
904 487 979 550 pars
1007 468 1113 551 operis
1135 468 1257 534 Laertii

110 577 258 665 pertinet.
303 575 343 639 Et
365 571 452 657 quod
477 571 622 654 singulae
651 570 752 654 uitae,
781 570 808 636 si
837 589 992 658 summam
1021 576 1165 665 spectas,
1193 590 1257 636 non

112 685 178 745 tam
201 675 364 761 perpetuis
386 673 541 740 factorum
554 671 756 754 satorumque
771 665 1059 737 continuationibus
1075 691 1171 754 quam
1185 671 1257 737 bre·

112 779 255 847 uioribus
270 775 504 842 adnotamentis
520 793 604 857 uaga
619 771 758 855 quadam
779 771 915 838 libidine
936 772 1123 838 constructis
1145 771 1256 838 uiden-

113 886 164 947 tur
186 878 358 961 contineri,
387 896 492 943 nonue
513 875 655 941 firmatur
684 873 764 940 illud
792 873 878 957 quod
906 871 1061 957 diximus,
1091 873 1257 941 exhaustis

111 982 220 1048 multis
235 980 373 1046 inuicem
395 975 624 1062 florilegiornm
639 975 790 1042 Fauorini
812 975 972 1041 lemmatis
993 973 1076 1042 hanc
1098 976 1188 1042 illam
1211 977 1258 1041 in·

114 1081 325 1150 constantiam
339 1080 518 1164 argumenti
534 1084 634 1146 ortam
649 1076 743 1145 esse?
779 1076 929 1144 Pluribus
952 1077 1058 1144 uerbis
1081 1076 1163 1144 hano
1187 1098 1259 1145 sen-

112 1185 246 1251 tentiam
261 1180 457 1248 defendendi
478 1181 616 1265 spatium
638 1199 700 1245 non
724 1178 831 1262 datur,
853 1179 941 1245 uiam
963 1185 1069 1247 tamen
1091 1200 1259 1264 praemon-

114 1291 233 1352 strasse
255 1282 334 1348 mihi
356 1282 477 1349 uideor.
510 1283 604 1350 Nunc
625 1288 731 1348 autem
753 1282 856 1348 elucet
874 1281 1002 1347 Aeliani
1025 1302 1096 1348 cum
1111 1283 1259 1366 Diogene

114 1405 313 1468 consensum,
337 1405 431 1468 quem
447 1391 597 1451 cunctans
619 1390 714 1450 antea
727 1383 748 1460 ¹)
770 1382 813 1448 ad
827 1383 979 1450 Fauorini
1000 1386 1187 1450 memoriam
1208 1405 1259 1451 re-

113 1488 245 1570 uocaui,
276 1484 319 1551 ad
340 1486 541 1570 probandum
562 1485 647 1552 hunc
668 1491 829 1551 auctorem
855 1486 965 1551 uariae
992 1484 1145 1552 historiae
1173 1488 1261 1553 omni

101 1588 313 1656 dubitatione
335 1593 458 1654 remota
478 1588 597 1654 ualere.
640 1655 641 1658 ,

231 1787 360 1852 XVIII.
398 1790 451 1853 De
473 1790 602 1852 Aeliani
620 1788 772 1851 lictoriae
794 1788 972 1888 animalium
985 1788 1139 1871 sontibus.

666 1908 705 1973 A.

85 2069 94 2183 [
199 2026 249 2093 De
272 2025 424 2093 historiae
452 2026 640 2092 animalium
667 2026 806 2094 fontibus
834 2026 991 2111 quidquid
1020 2028 1105 2094 docti
1135 2029 1209 2094 inde
1240 2051 1261 2094 a

114 2127 257 2196 Gesnerc
287 2147 387 2210 usque
415 2127 458 2193 ad
485 2133 626 2194 nostram
654 2135 792 2194 aetatem
824 2131 1023 2213 protulerunt
1054 2130 1168 2196 falsum
1200 2141 1259 2198 est.

28 2226 46 2273 -’
115 2230 228 2313 Neque
252 2230 336 2294 enim
357 2229 512 2296 Aelianus
534 2249 607 2295 eum
629 2230 745 2296 librum
767 2231 971 2298 conscribens
992 2251 1068 2298 usus
1091 2240 1138 2300 est
1158 2233 1258 2322 Athe·

115 2330 197 2424 daeo
212 2351 317 2414 neque
333 2325 481 2416 Oppiano
495 2350 600 2414 neque
615 2351 692 2398 uero
706 2331 879 2398 Nicandro.
915 2332 999 2399 Sane
1015 2335 1043 2400 si
1058 2329 1128 2417 quis
1145 2322 1260 2400 horum

45 2444 61 2473 s
116 2453 191 2506 cum,
202 2433 259 2498 illo
272 2431 444 2499 affinitates
460 2451 558 2517 saepe
573 2433 848 2500 manifestissimas
867 2434 969 2500 obiter
991 2436 1139 2519 intuetur,
1163 2437 1259 2502 ualde

115 2534 258 2618 procliue
274 2539 322 2600 est
336 2534 514 2617 periculum
536 2554 577 2601 ne
599 2535 632 2599 in
652 2555 775 2602 errores
797 2533 927 2602 incidat.
961 2535 1027 2602 Sed
1050 2538 1082 2602 iu
1103 2539 1166 2604 ista
1187 2540 1260 2605 libi-

116 2634 192 2700 dine
214 2634 497 2719 impudentissima,
520 2656 584 2719 qua
598 2637 681 2703 alius
704 2636 892 2720 compilator
913 2637 1012 2704 alium
1033 2638 1167 2704 eumad
1189 2659 1259 2704 uer-

115 2736 192 2802 bum
225 2736 418 2802 describeret
451 2757 492 2802 ex
524 2739 678 2804 memoria
710 2738 872 2804 hominum
904 2757 1069 2805 remouere
1102 2740 1260 2821 studebat,

116 2857 213 2904 uerae
240 2837 393 2904 librorum
419 2839 670 2906 necessitudines
698 2839 837 2923 perspici
864 2846 1041 2923 nequeunt,
1070 2842 1130 2907 nisi
1152 2844 1206 2907 uia
1230 2850 1261 2908 et

116 2939 240 3005 ratione
255 2937 458 3022 disquiratur,
482 2945 587 3005 utrum
608 2942 701 3007 alteri
723 2942 832 3007 alteris
853 2961 982 3025 prorsus
1006 2944 1196 3009 conueniant
1218 2965 1259 3008 an

117 3039 171 3106 hic
192 3040 259 3107 illic
280 3040 444 3107 uberiores
467 3041 538 3106 sint.
583 3042 688 3106 Etiam
710 3041 929 3126 dispositionis
951 3050 1154 3127 utrorumque
1177 3047 1259 3110 ratio

117 3140 267 3208 habenda
289 3146 345 3207 est.

88 2206 90 2213 >

672 3227 709 3292 B.

139 3340 146 3356 ’·
204 3331 231 3392 1.
265 3325 359 3404 Quod
381 3327 464 3393 siin
486 3326 701 3411 comparando
723 3336 883 3412 tenemus,
907 3330 1043 3412 primum
1066 3332 1195 3414 quidem
1219 3353 1260 3398 ex

117 3425 283 3494 Athenaeo
300 3426 465 3494 historiam
476 3428 661 3495 animalium
675 3451 737 3496 non
752 3430 893 3514 pendere
905 3433 1133 3517 cognoscimus,
1151 3454 1259 3517 quam·

118 3547 214 3611 quam
237 3529 268 3594 ei
290 3527 340 3594 his
362 3529 442 3595 locis
464 3529 651 3613 respondet:

219 3625 483 3691 arcanarum
652 3627 813 3683 Arneavn
831 3644 854 3683 ο.
867 3632 897 3683 18
915 3631 1150 3698 pleae—mal.

219 3707 246 3762 h.
256 3723 281 3763 a.
291 3709 351 3776 XV,
362 3713 392 3763 27
652 3711 750 3767 Athen.
760 3712 799 3765 IX
817 3728 839 3767 c.
852 3717 884 3768 39
901 3730 927 3784 p.
939 3714 1007 3770 38'lt
1014 3745 1047 3755 -
1056 3717 1136 3771 388b.

220 3791 384 3855 haffiw
651 3796 1137 3869 Ammxmssmwpmm.

116 3880 320 3890 ——-———.——.

207 3929 230 3992 1)
248 3926 311 3994 Pag.
323 3931 354 3980 5¹1
365 3941 405 3996 sq.
