2790 4508
394 423 442 474 *0.
453 419 478 473 h.
498 418 559 484 XII,
579 423 611 473 23

189 759 253 814 u.h.
274 757 336 827 XII,
357 762 389 812 24

392 926 477 981 *u.h.
497 926 558 995 XII,
577 931 608 982 31

391 1182 477 1237 *u.h.
495 1182 558 1246 XII,
576 1186 609 1236 40

391 1266 476 1320 *Μ
495 1265 557 1332 XII,
577 1270 609 1320 44

389 1351 474 1406 *Μ
494 1350 557 1419 XII,
576 1356 607 1406 51

388 1435 474 1490 *Μ
494 1435 569 1504 XIII,
589 1442 603 1490 5

387 1520 471 1575 *u.h.
491 1519 566 1586 XIII,
585 1526 600 1575 6

389 1608 436 1659 *0.
447 1607 473 1660 h.
487 1605 569 1674 XIII,
588 1610 620 1660 32

183 1773 247 1827 u.h.
266 1772 339 1838 XIV,
359 1778 372 1825 1

388 1861 435 1910 *u
447 1856 474 1910 h.
492 1857 566 1922 XIV,
586 1863 601 1912 0

386 1942 471 1996 *Μ
490 1942 563 2008 XIV,
585 1948 616 1998 14

386 2026 469 2081 *Μ
488 2026 561 2095 XIV,
582 2032 612 2083 21

181 2112 244 2166 u.h.
264 2110 337 2176 XIV,
358 2115 389 2165 23

660 250 738 305 renx
755 249 884 321 nuuorpn

928 422 991 475 Ath.
1010 420 1049 476 IV
1067 437 1093 490 p.
1116 415 1246 477 1540-0.
1363 429 1366 435 “

923 505 987 560 Ath.
1005 505 1044 560 IV
1061 522 1088 574 p.
1111 511 1156 560 151
1166 522 1188 560 e.

922 591 985 645 Ath.
1005 591 1044 646 VI
1062 607 1088 660 p.
1109 590 1211 645 24003.

920 676 985 730 Atn.
1004 675 1073 728 XIII
1089 692 1116 745 p.
1137 680 1185 730 003
1193 692 1218 730 a.

702 760 766 814 Ath.
784 759 838 814 XII
855 776 881 830 p.
902 762 999 816 541be
1017 765 1054 824 (et

697 845 760 900 Atn.
779 845 818 900 vl
836 862 862 915 p.
884 847 997 910 niano).

926 931 989 984 mn.
1009 931 1022 983 Ι
1040 947 1066 999 p.
1088 935 1155 994 raa,
1181 931 1261 997 naef,
1283 935 1344 990 arn

1004 1017 1073 1081 ete,
1094 1016 1149 1071 321)
1168 1021 1195 1070 01
1213 1031 1242 1085 e,

923 1098 986 1153 Ath.
1005 1098 1031 1151 X
1049 1117 1075 1169 p.
1097 1100 1220 1155 nnuc-f.

922 1183 986 1237 Ath.
1005 1184 1032 1237 II
1049 1200 1076 1253 p.
1098 1184 1161 1240 45b.

923 1268 987 1322 Ath.
1006 1269 1019 1321 Ι
1037 1285 1063 1338 p.
1083 1268 1125 1323 ef.

919 1353 983 1407 Ath.
1002 1353 1055 1408 VII
1072 1371 1099 1424 p.
1119 1358 1168 1409 289
1176 1354 1246 1410 3-1.

919 1437 984 1492 Ath.
1003 1437 1071 1491 XIII
1087 1455 1114 1507 p.
1134 1440 1209 1495 0021.

919 1523 983 1576 Ath.
1002 1523 1015 1575 I
1032 1539 1059 1591 p.
1074 1523 1130 1578 31f.

922 1606 986 1661 Ath.
1005 1606 1073 1660 XIII
1091 1625 1117 1678 p.
1140 1608 1221 1662 5883

922 1691 986 1745 Ath.
1005 1693 1030 1746 V
1047 1708 1074 1761 p.
1095 1696 1174 1747 2200.

691 1774 753 1828 Ath.
774 1775 827 1828 XII
844 1791 871 1844 p.
892 1775 992 1830 55003

920 1859 984 1913 Atn.
1002 1858 1042 1913 XI
1060 1876 1086 1928 p.
1107 1865 1178 1914 5010
1194 1867 1223 1916 01
1240 1879 1263 1918 e.

916 1943 981 1998 Ath.
1000 1943 1066 1997 VIII
1084 1960 1124 1999 ec.
1144 1950 1254 2002 40-40.

915 2030 980 2083 Ath.
998 2029 1064 2082 XIII
1081 2047 1108 2100 p.
1128 2036 1176 2085 501
1184 2031 1210 2086 b.

689 2114 754 2168 Atn.
773 2112 838 2166 xlv
856 2130 882 2183 p.
902 2117 950 2168 ena
958 2113 1094 2170 1-0040.

384 2196 471 2251 *u.h.
489 2197 562 2260 XIV,
582 2202 614 2251 20

382 2282 467 2336 *u.h.
487 2280 561 2348 XIV,
581 2287 613 2337 20

382 2367 465 2422 *Μ
485 2368 558 2432 XIV,
576 2371 609 2422 35

916 2200 979 2254 Ath.
998 2200 1064 2255 VIII
1081 2217 1108 2270 p.
1128 2202 1202 2256 340f.

914 2285 978 2339 Ath.
997 2284 1036 2338 VI
1053 2301 1079 2354 p.
1101 2286 1176 2341 233f.

911 2369 975 2424 Ath.
1004 2369 1071 2423 XIII
1096 2387 1124 2440 p.
1153 2375 1305 2441 51011-0,

996 2454 1098 2521 aaran,
1117 2459 1202 2522 aare,
1222 2463 1303 2515 0000.

913 2538 978 2592 Atn.
997 2540 1069 2610 Hp.
1088 2544 1150 2594 480.

911 2623 975 2677 Ath.
993 2623 1033 2679 IV
1049 2642 1076 2695 p.
1098 2629 1145 2679 113
1156 2624 1175 2679 f.

383 2537 467 2591 *u.h.
486 2537 559 2602 XIV,
579 2540 611 2592 39

381 2621 466 2676 *u.h.
485 2621 559 2682 XIV,
578 2626 610 2676 40

262 2760 413 2843 Adspicis
442 2780 510 2826 rem
535 2762 614 2827 00110
636 2761 830 2844 mirabilem3
861 2769 983 2828 eertam
1007 2762 1209 2830 describendi
1231 2767 1331 2833 ratio-

177 2880 250 2926 nem
274 2862 307 2925 in
330 2861 388 2926 illa
410 2861 648 2928 historiolarum
663 2863 790 2928 Aeliani
812 2865 1054 2947 perturbatione
1078 2870 1109 2929 et
1125 2866 1217 2947 quasi
1233 2866 1327 2934 chao.

138 2994 142 3003 ·
177 2963 302 3030 Etenim
325 2962 403 3029 ordo
427 2984 490 3047 quo
513 2964 659 3047 singulae
681 2964 880 3030 narrationes
900 2965 988 3050 apud
1003 2964 1203 3032 Athenaeum
1220 2987 1255 3033 se
1272 2988 1328 3034 ex-

62 3064 81 3139 ’,
120 3134 135 3139 ,,
177 3066 300 3149 cipiunt
321 3066 354 3130 in
377 3065 468 3130 uaria
489 3065 625 3131 historia
646 3067 713 3132 fere
736 3073 880 3132 seruatus
905 3072 961 3132 001.

176 3202 180 3213 ·
260 3168 331 3250 Age
360 3186 435 3233 uero
464 3165 630 3233 uideamus
659 3187 742 3251 quae
770 3169 833 3234 sint
861 3169 1067 3234 consectaria.
1111 3169 1159 3234 Aa
1186 3171 1328 3252 primum

28 3256 31 3263 ¹
98 3253 102 3259 ⁵
123 3326 136 3369 ΙΙ.
175 3269 306 3353 quidem
328 3268 362 3334 id
378 3267 465 3351 quod
480 3269 799 3352 Perizoniusdoeuit,
821 3270 994 3335 Aelianum
1014 3288 1055 3336 ex
1071 3270 1126 3335 illo
1142 3290 1204 3337 non
1220 3292 1329 3355 panea

175 3371 336 3453 00001000,
366 3371 431 3437 iam
460 3377 552 3436 extra
580 3390 706 3437 omnem
734 3371 942 3437 dubitationis
971 3371 1075 3436 aleam
1104 3373 1243 3454 positum
1266 3382 1325 3441 est.

175 3473 258 3538 Nam
281 3474 338 3538 illa
360 3473 533 3558 conspicua
556 3474 779 3539 conuenientia
798 3493 854 3539 eur
867 3492 931 3537 non
944 3472 1052 3557 potius
1067 3472 1110 3537 ad
1126 3492 1328 3542 communem

175 3573 335 3656 quendam
356 3577 477 3643 fontem
499 3573 682 3642 reuocanda
703 3582 787 3642 esset
809 3575 906 3641 etiam
929 3580 1002 3659 post
1022 3574 1089 3639 eius
1105 3574 1136 3638 in
1151 3576 1326 3643 Aelianum

174 3677 288 3742 merita
311 3678 422 3760 quaeri
442 3677 556 3760 potuit.
601 3677 709 3760 Nune,
740 3682 847 3744 utres
871 3676 1000 3759 quidem
1023 3676 1181 3758 utrimque
1202 3678 1327 3761 pariter

175 3776 335 3843 exhibitas
357 3779 451 3844 tertio
473 3778 600 3845 cuidam
616 3780 738 3845 auctori
753 3778 918 3845 uindicare
933 3778 990 3844 tibi
1006 3778 1112 3859 lieeat,
1135 3797 1209 3843 num
1226 3798 1324 3861 quam

173 3879 226 3945 hie
249 3898 321 3944 eum
343 3879 399 3946 illo
422 3901 622 3948 communem
644 3880 742 3947 habet
763 3881 879 3948 seriem
894 3880 1111 3947 narrationum
1125 3878 1167 3943 ad
1184 3880 1324 3948 eundem

172 3981 313 4048 referes?
