2714 4500
100 158 160 217 110
349 155 350 158 ’
568 155 647 211 Felix
664 155 791 226 Rudolph

100 330 227 398 abunde
242 332 342 396 multa
357 328 503 412 docuisti,
527 349 609 412 quae
626 329 755 412 quidem
770 327 993 412 ignorabamus
1010 333 1044 394 et
1059 327 1146 394 scire
1166 325 1256 393 haud

101 453 177 514 sane
199 432 449 517 postulabamus,
494 429 580 508 Quid
603 431 687 497 enim
715 431 812 497 refert
839 449 911 496 mea
938 430 1098 512 eiusque,
1121 430 1254 511 qulenm

99 536 227 618 loquor,
251 554 314 617 quo
336 553 453 617 genere
472 526 617 619 ‘penum'
637 534 758 616 dicam,
780 538 836 598 aut
857 532 890 597 in
911 551 991 614 quas
1015 536 1178 597 extremas
1201 532 1253 597 lit-

99 643 184 702 teras
207 635 380 719 decliuem,
410 637 437 702 si
460 656 554 702 nemo
577 636 612 701 id
633 656 697 702 non
718 637 813 701 nimis
842 634 978 699 barbare
1006 632 1146 698 fecerit?
1185 632 1252 699 Sed

99 737 161 804 hoc
193 738 290 822 plane
321 736 451 820 indigeo
485 738 669 819 addiscere,
705 737 801 820 quid
833 737 887 802 sit
916 725 1069 820 ‘penus'
1098 740 1136 801 et
1170 754 1250 817 quo

100 858 220 905 sensu
247 837 287 904 id
315 839 553 905 uocabulum
588 840 768 921 dicatur,
802 859 842 904 ne
874 858 942 904 rem
975 836 1130 903 cotidiani
1162 857 1249 920 usus,

101 948 264 1023 tamquam
287 942 342 1023 qul
364 943 397 1005 ln
419 942 587 1008 uenalibus
608 942 723 1007 Latiae
745 941 834 1023 loqui
857 946 1021 1024 coeptant,
1044 939 1127 1022 alia,
1151 958 1249 1021 quam

100 1049 242 1126 oportet,
271 1062 351 1108 uoce
374 1034 559 1127 appellem’.
604 1044 698 1109 Patet
719 1044 816 1126 igitur
838 1062 910 1107 eum
930 1062 994 1107 non
1016 1061 1057 1107 ex
1079 1041 1121 1107 iis
1142 1062 1247 1124 gram·

100 1145 225 1211 maticis
252 1144 366 1227 fulsse,
396 1147 467 1228 qui,
497 1152 532 1211 ut
560 1165 632 1211 cum
654 1145 815 1212 Herodico
838 1143 1017 1227 Babylonio
1046 1144 1178 1225 loquar,
1208 1139 1244 1206 τὸ

101 1246 182 1331 σφὶν
203 1246 257 1310 καὶ
281 1242 318 1311 τὸ
344 1249 439 1333 σφῷν
460 1247 515 1310 καὶ
538 1242 575 1310 τὸ
599 1247 656 1328 μὶν
677 1237 736 1331 ἠδὲ
758 1242 795 1311 τὸ
815 1247 865 1310 νὶν
887 1247 982 1311 anxie
1005 1251 1037 1311 et
1059 1245 1245 1330 scrupulose

99 1348 275 1433 agitabant,
298 1348 356 1416 sed
377 1350 411 1414 in
432 1349 597 1417 sententiis
620 1350 726 1433 potius
748 1355 908 1415 uersatum
926 1366 997 1414 esso
1012 1345 1246 1414 difficilioribus

99 1451 163 1517 iIIIs
185 1451 358 1517 intellectu.

183 1553 252 1619 Nec
274 1574 338 1619 non
359 1554 392 1619 in
414 1554 616 1636 quaestiones
638 1553 825 1620 Homericas
850 1552 1001 1618 incubuit.
1044 1551 1130 1616 Nam
1159 1551 1245 1635 apud

24 1667 26 1670 ’
100 1653 386 1738 Gellium(IH,16)
403 1654 562 1722 disserens
578 1655 619 1720 de
635 1654 751 1739 Odyss.
763 1655 820 1739 XI,
834 1656 895 1717 248
908 1673 986 1736 sqq,
1006 1652 1062 1717 ubi
1076 1652 1246 1736 Neptunus

100 1756 143 1821 ad
158 1756 315 1838 uirginem
337 1776 438 1841 nuper
459 1778 480 1822 a
502 1777 536 1823 se
559 1777 773 1841 compressam
795 1757 876 1822 haec
894 1755 992 1821 uico:
1012 1765 1116 1836 χαῖρε,
1140 1751 1245 1838 γύναι,

100 1854 272 1943 φιλότητι·
295 1857 542 1940 περιπλομένου
566 1850 597 1921 d'
618 1855 769 1924 ἐνιαυτοῦ
790 1856 900 1935 τέξεαι
918 1850 1023 1942 σἰφλαὰ
1039 1858 1144 1933 τέκνα,
1169 1852 1245 1927 ἐπεὶ

101 1951 158 2023 οὐκ
181 1950 376 2044 ἀποφώλιοι
398 1951 487 2024 εὐναὶ
504 1951 695 2045 ἀθανάτων,
717 1963 750 2027 in
773 1981 811 2028 eo
835 1961 986 2042 elaborat,
1009 1966 1045 2024 ut
1067 1964 1245 2042 expromat,

100 2082 163 2144 quo
192 2063 261 2127 iure
289 2062 388 2127 uerba
417 2062 664 2145 περιπλομένου
694 2060 845 2128 ἐνιαυτοῦ
873 2062 914 2128 de
943 2061 1055 2127 decem
1082 2061 1245 2127 mensibus

100 2184 179 2254 quos
195 2165 332 2229 feminae
347 2164 501 2247 grauidae
518 2185 588 2232 esse
603 2163 706 2232 solent
720 2172 852 2250 aposta
866 2165 953 2230 dicta
967 2165 1073 2245 sintll,
1093 2162 1244 2245 idemque

100 2268 142 2343 (n.
158 2259 254 2348 A.'11,
271 2269 321 2348 26,
335 2268 387 2342 20)
410 2265 603 2333 Frontonem
622 2267 757 2334 adulans
777 2286 873 2332 uersu
886 2266 998 2331 Iliadis
1020 2267 1041 2330 l.
1057 2265 1172 2329 XXIII
1184 2267 1244 2329 382

100 2369 279 2452 compellat.
325 2366 409 2445 oum
430 2371 527 2434 immo
550 2370 668 2435 librum
695 2369 773 2451 περὶ
795 2369 854 2452 τῆς
872 2361 1014 2452 Ὁμήρου
1037 2365 1245 2452 φιλοσοφίας
1264 2362 1265 2366 ’

100 2477 230 2536 auctore
246 2469 348 2535 Suida
361 2470 506 2536 confecit.
541 2472 582 2536 lut
596 2471 830 2537 sciscitantibus
844 2470 948 2551 nobis,
970 2469 1013 2534 ad
1035 2469 1122 2551 quod
1144 2489 1244 2552 genus

100 2573 280 2655 argumenti
302 2573 330 2638 is
353 2574 561 2656 spectauerit,
592 2571 653 2638 hoc
675 2573 851 2656 fragmento
873 2592 951 2638 ansa
972 2570 1090 2636 idonea
1111 2572 1243 2655 praebe-

101 2678 166 2738 tur:
196 2673 248 2737 Di.
264 2673 321 2738 La.
337 2675 447 2757 II,11:
478 2672 567 2739 δσκεῑ
589 2676 723 2759 στρώτας
747 2666 1014 2757 (Ἀναξαγόρας),
1045 2670 1138 2735 καθά
1161 2694 1244 2764 φησι

103 2777 347 2858 Φαβωρῖνος
370 2771 409 2838 ἒν
431 2774 683 2862 παντοδαπῇ
706 2775 885 2861 ἱστσρλφ,
908 2768 1124 2898 τὴνὉμήρου
1143 2778 1244 2861 ποίη-

101 2897 153 2940 σιν
170 2866 419 2962 ἆποφηνασθαι
434 2871 519 2941 εἶναι
534 2878 613 2961 περὶ
629 2870 745 2963 ἀρετῆς
759 2902 815 2941 και
804 2872 1082 2962 ὄικαιοσὺνφς”
1068 2899 1127 2939 σπι
1116 2876 1243 2941 πλέον

101 2976 137 3041 δὲ
159 2979 346 3064 προστῆναι
369 2980 427 3043 τοῦ
450 2977 547 3062 λόγου
562 2974 849 3065 Μητρόδωρον
813 3002 872 3042 τον
889 2975 1137 3064 Λαμψακηνόν,
1160 2975 1243 3062 γνώ-

101 3102 197 3162 ρλμθν
212 3104 293 3146 Oilw
309 3070 418 3161 αυτοῦ,
442 3077 479 3147 dv
496 3082 552 3157 ital
573 3104 707 3165 motator
723 3077 913 3144 σπουδάσαι
928 3080 987 3144 tor]
1001 3081 1145 3166 ποιητοῦ
1166 3082 1242 3165 περὶ

99 3176 159 3267 τὴν
182 3178 323 3267 φυσικὴν
345 3205 447 3267 πραγι
434 3187 533 3264 pectet
536 3208 583 3247 αν.
621 3185 688 3248 Iam
703 3183 880 3248 Fauorinus
901 3181 936 3247 id
958 3181 1075 3264 quod
1066 3203 1099 3246 ιιι
1114 3184 1241 3249 Anaxa·

100 3304 198 3367 gorae
215 3290 247 3350 et
257 3285 430 3351 Metrodori
446 3284 560 3352 studiIs
571 3284 751 3351 Homericis
765 3283 933 3349 laudauit
924 3304 994 3367 rpse
1009 3285 1042 3348 in
1054 3304 1111 3349 suo
1124 3286 1240 3369 scripto

101 3385 142 3450 de
157 3386 289 3451 Homeri
311 3385 518 3470 philosophia
540 3388 685 3452 omisisse
708 3387 813 3469 putari
835 3387 961 3469 nequit,
984 3385 1097 3471 idest,
1120 3389 1240 3452 semina

101 3493 133 3552 et
155 3489 246 3569 quasi
268 3488 426 3571 igniculos
454 3489 605 3554 uirtutum
632 3488 835 3569 rationesque
864 3488 1020 3569 quasdam
1048 3487 1240 3571 physIcasa

100 3594 198 3672 poeta
212 3589 291 3654 inibi
306 3591 443 3673 repetiit.
478 3589 514 3654 Si
528 3596 635 3655 autem
650 3589 738 3654 ualet
751 3588 786 3652 id
801 3588 888 3670 quod
908 3591 1056 3674 proximo
1074 3596 1239 3657 exsecutus

102 3708 173 3755 esse
187 3690 267 3754 mihi
281 3691 403 3775 uideor,
419 3691 517 3756 libros
528 3690 679 3756 Fauorini
694 3689 795 3773 ipsius
810 3690 853 3755 ad
864 3693 1067 3777 omnigenam
1077 3691 1239 3760 historiam

100 3792 304 3800 ’ψη-Ἥ

190 3842 214 3903 1)
233 3837 273 3891 cf.
293 3838 326 3891 de
344 3837 396 3892 hoc
414 3838 508 3906 putido
526 3853 624 3905 genere
641 3837 789 3892 disserendi
806 3837 912 3904 Lehrs,
932 3841 966 3898 de
978 3843 1061 3897 Arist.
1072 3844 1142 3897 stud.
1154 3839 1240 3896 Hom.2

100 3940 126 3993 p.
138 3926 187 3976 213
197 3936 236 3990 sq.
