2714 4500
122 187 162 245 τι
584 183 805 252 FelixRudolph

122 387 158 427 νυ
182 353 342 474 σφύδρα’
329 353 534 442 εταράττετο.
555 352 624 474 666
640 354 677 420 δέ
702 355 756 420 καὶ
775 353 1000 440 χειμαζομένῳ
1023 358 1136 442 συνέβη
1152 377 1233 438 ταρα-

120 484 173 537 τις
193 485 259 526 των
274 451 539 542 συμπλεοντων
543 441 569 521 6
591 449 676 543 Ἀρί·
700 458 836 577 χθήναι.
858 453 945 538 πρὸς
965 481 1022 523 ουν
1036 482 1095 523 τον
1110 455 1232 536 ελποντο

122 585 259 643 στιππε,
280 562 336 628 καὶ
352 581 391 625 συ
379 553 609 639 δ,“έδυικας
583 582 629 635 ως
644 557 677 624 οἱ
700 551 808 643 ςήμεῖς
835 556 895 640 μὲν
924 558 958 624 οἱ
986 557 1120 625 ἰδιῶται
1143 552 1233 624 ούδε-

121 656 267 731 πολλοί.
290 687 307 730 ο
297 656 397 727 ι(δέ
400 662 456 728 καὶ
473 657 564 744 μάλα
578 683 615 746 γε
630 657 677 725 εἰ·
704 657 759 725 δοί
746 663 869 743 ίκαμεν,
882 653 1020 743 ύμεῖςδ
1031 685 1064 727 οι
1055 658 1235 749 “φιλύσοηοι

121 766 240 844 κύτως·
262 760 340 848 ύμῖν
360 763 420 847 μὲν
441 759 502 850 γὰρ
525 763 604 848 περὶ
618 785 677 827 κα·
704 754 861 828 δειλιάτε’
877 754 929 827 ‘06
943 759 1005 847 γάρ
1021 764 1100 850 περὶ
1115 753 1234 846 ὁμοῖοί,

121 865 319 951 κοδαίμσνύς
336 864 407 931 ἐστι
420 869 496 948 βίου
505 858 530 950 6
548 860 676 949 σπουδή
704 859 784 950 ἔφη,
813 858 934 951 (ψυχῆς
968 857 1155 950 ἀγωνιῶμεν
1179 858 1235 928 ἑκά-

121 970 175 1037 καὶ
189 963 205 1034 6
221 969 276 1033 νῦν
286 966 443 1046 κίνδυνος,
460 964 534 1049 ἐμοὶ
550 963 586 1030 δὲ
598 965 678 1049 περὶ
704 956 820 1046 τεροι’.
843 966 967 1035 Gellius
978 969 1069 1053 XIX,
1083 973 1109 1053 1,
1120 971 1184 1052 9sq.
1197 984 1235 1031 εκ·
1274 1042 1277 1047 Ι

122 1061 342 1153 εύδαίμονσς’.
403 1105 405 1108 <
706 1067 780 1134 dem
797 1076 914 1135 narrat.

206 1209 243 1274 V.
260 1208 290 1273 h.
307 1208 348 1291 X,
366 1211 383 1272 3
406 1200 630 1288 (veo'vvcaM
666 1203 801 1287 Videas,
825 1224 959 1289 quaeso,
989 1226 1072 1288 quae
1094 1207 1135 1271 ad
1154 1202 1236 1272 studia

121 1311 279 1376 naturalia
300 1309 452 1374 Fauorini
474 1302 710 1391 comprobanda
731 1305 765 1369 in
786 1326 817 1390 p.
834 1309 873 1371 67
897 1308 1005 1373 allata
1018 1314 1099 1374 sunt.
1121 1343 1159 1353 -

122 1446 158 1512 V.
175 1445 206 1511 h.
229 1447 286 1528 XI,
306 1447 385 1508 1-3
408 1436 626 1527 (πρωτος).]
708 1441 758 1505 Di.
774 1441 830 1507 La.
845 1443 887 1525 ΙΙ,
906 1446 919 1505 1
946 1443 986 1509 de
1007 1441 1236 1512 Anaximandro:

121 1548 159 1612 V.
168 1547 199 1612 h.
209 1548 267 1631 XI,
278 1551 309 1611 1:
328 1537 402 1610 Ὅτι
415 1538 678 1629 Ὀρίκαδμοςπά-
706 1533 790 1628 Εύρε
806 1540 910 1607 δὲκαὶ
931 1542 1084 1627 γνώμονα
1098 1544 1237 1629 πρῶτος

122 1647 180 1732 λης
210 1644 336 1731 ἐγένετο
365 1647 565 1731 νομοθέτης,
594 1634 675 1706 καθ’
705 1644 760 1708 καλ
772 1640 909 1731 ἔστησεν
921 1641 1057 1711 ἐπὶτῶν
1074 1641 1237 1730 σκιοθήρων

122 1745 239 1813 ἑαυτὸν
269 1744 450 1832 ἐπινοήσας
470 1741 528 1810 τὸν
550 1744 678 1809 Σικελι-
705 1741 739 1809 έν
771 1744 1018 1829 Λακεδαίμονι,
1055 1746 1146 1814 καθά
1175 1762 1238 1832 φησι

121 1846 179 1914 κδν
200 1845 327 1932 τρόπον
347 1842 558 1928 καλούμενον.
707 1843 1238 1930 Φαβωρῖνοςένπαντοδαπή

706 1946 880 2036 ἱστορίᾳ.

123 2072 157 2134 2:
178 2058 253 2132 Ὅτι
274 2052 314 2153 ἦν
331 2059 559 2153 Ὀροιβαντίου
579 2073 678 2152 Τροι-
705 2068 756 2133 Di.
772 2069 829 2134 La.
844 2069 939 2153 11‚20
962 2070 1003 2136 de
1025 2069 1170 2139 Socrate:
1188 2064 1240 2132 Καὶ

123 2167 232 2258 ζηνίυυ
261 2167 324 2256 έπη
353 2165 419 2254 πρὸ
446 2164 604 2256 Ὁμήρου,
633 2160 678 2246 ὥς
703 2167 765 2256 γὰρ
788 2173 967 2254 πρῶτος,
997 2162 1044 2248 άίς
1067 2193 1150 2260 φησι
1172 2175 1238 2234 Φα-

123 2293 209 2359 φασι
223 2267 412 2357 Τροιζήνιοι
428 2269 530 2355 λύγοι.
553 2267 678 2337 καὶτὸν
702 2275 881 2356 βωρῖνυς
925 2269 965 2337 ἒν
1009 2268 1239 2352 παντοδαπῇ

107 2371 237 2461 Φρύγα
252 2371 288 2437 δὲ
302 2364 450 2458 Δάρητα,
474 2365 512 2437 οὗ
530 2378 677 2459 Φρυγίαν
705 2373 888 2461 ἱστορίᾳ,
918 2372 1002 2458 μετὰ
1024 2377 1085 2441 τοῦ
1105 2369 1240 2462 μαθητοῦ

120 2467 244 2540 Ἰλιάδα
272 2470 322 2538 ἐ’τι
346 2474 403 2538 καὶ
425 2476 480 2539 νύν
503 2468 677 2554 άποσωζο-
702 2474 867 2556 Αἰσχίνου
901 2476 1088 2565 ῥητορεύειν
1122 2471 1239 2550 ἐδίδαξε.

117 2579 219 2663 μένην
248 2570 340 2654 οἶδα,
370 2573 436 2659 πρὸ
457 2570 599 2664 Ὁμήρου
621 2577 675 2642 καὶ
705 2579 755 2643 Di.
768 2579 823 2644 La.
837 2579 874 2662 V,
887 2581 906 2644 9
919 2581 959 2646 de
971 2581 1157 2648 Aristotele:
1175 2574 1240 2643 Τού-

118 2679 234 2742 τοῦτον
255 2679 414 2761 γενέσθαι
428 2677 569 2762 λέγουσι.
601 2683 676 2743 Με-
702 2703 759 2744 τον
774 2682 942 2765 πρῶτον
959 2672 1240 2767 Φαβωρῖνοςέν

119 2776 300 2864 λήσανδρσς
323 2771 339 2841 6
363 2777 677 2864 ΜιλήσιοςΛαπι-
703 2780 956 2868 παντοδαπῇ
979 2780 1241 2871 λστορίηιλύγοί

118 2880 193 2943 θῶν
237 2880 292 2945 καὶ
336 2878 532 2967 Κενταύρων
569 2878 675 2967 μάχην
703 2880 868 2950 δικανικὸν
883 2878 968 2970 ὑπὲρ
983 2882 1103 2951 ἑαυτοῦ
1122 2877 1242 2971 συγγρά-

119 2980 273 3068 ύγραψεν.
702 2995 769 3068 ψαι
792 2987 893 3072 φησὶν
916 2978 971 3050 ἐπ’
991 2979 1073 3073 αύτῇ
1095 2986 1194 3074 ταύτῃ
1213 2980 1243 3066 τῇ

702 3084 785 3172 δίκῃ.

119 3206 155 3269 3:
183 3194 258 3267 Ὅτι
282 3195 386 3279 Ἴκκος
418 3196 435 3267 6
474 3209 676 3289 Ταραντῖνος
702 3203 754 3270 Di.
770 3206 826 3271 La.
844 3205 929 3289 VIII,
948 3211 986 3269 12
1002 3206 1044 3274 de
1059 3208 1244 3294 Pythagora:

119 3302 229 3391 πάλης
243 3298 423 3388 ὑπήρξατο,
448 3308 675 3392 σωφρονέστε-
702 3309 850 3391 Λέγεται
865 3304 968 3373 δὲκαὶ
983 3311 1074 3394 πρῶ
1079 3334 1151 3388 τος
1165 3312 1233 3396 κρέα
1218 3333 1246 3371 σ-

119 3430 176 3491 ρον
198 3402 256 3471 τδν
278 3406 337 3490 τῆς
359 3397 536 3490 ἀθλήσεως
558 3405 676 3493 χρόνον
703 3427 756 3473 σιν
765 3399 1077 3497 ασκησαιαθλητας
1085 3411 1247 3498 καὶπριδ-

119 3504 676 3631 διαζήσαςκαλκεκολασμένητροφή
702 3507 813 3594 τύνγ
814 3502 1040 3600 Ἐύρυμένην,
1062 3513 1155 3579 καθά
1178 3532 1249 3602 φησι

119 3605 303 3691 διαβιωσας
316 3633 371 3672 και
361 3600 512 3696 ἀφροδί
512 3635 570 3699 της
591 3605 676 3695 ἀμα-
705 3611 988 3695 Φαβωρῖνοςέ
996 3640 1013 3679 ν
1034 3621 1160 3703 τρίτῳ
1182 3617 1249 3681 των

117 3705 185 3793 θης
207 3706 407 3786 διατελέσας
704 3704 1162 3800 ἀπομνημονευμάτων,
1194 3718 1250 3782 των

703 3811 866 3901 πρότερον
881 3813 994 3897 ἰσχάσι
1010 3815 1124 3906 ξηραῖς
1135 3819 1189 3885 καλ
1203 3843 1252 3882 τυ-

703 3929 774 4002 ροῖς
801 3911 927 4002 ὑγροῖς,
957 3910 1043 3984 ἀλλὰ
1065 3921 1120 3988 καὶ
1142 3931 1253 4006 πυροῖς
