2714 4500
97 181 137 240 72
526 192 528 194 ’
562 185 641 240 Felix
657 185 784 256 Rudolph

96 377 214 438 τυροι
243 353 286 419 δὲ
314 353 394 422 απδ
428 358 500 421 τοῦ
534 378 655 444 σεση-
682 359 763 424 Ibid.
781 362 835 424 35:
864 356 1048 443 Σάτυροι
1074 360 1247 428 Διονύσου

97 459 224 540 ρέναι.
261 458 457 546 Σειληνοὶ
495 457 536 524 δὲ
573 451 652 526 άπδ
682 450 1009 541 άπαδοίκαλοῦτοι,
1033 460 1249 530 οἳδιάτδέν

84 560 169 623 τοῦ
185 559 435 626 σιλλαίνειν·
458 558 516 626 τδν
532 558 568 625 δὲ
583 561 655 626 σίλ-
682 553 793 645 ὄρεσιν
809 558 909 627 οἰκεῖν
925 553 1153 643 άλουτοῦντες,
1169 565 1249 648 τρά-

97 659 154 726 λον
184 658 290 746 ψόγον
314 662 445 747 λέγουσι
465 659 549 745 μετά
572 687 655 728 παι-
681 685 748 746 χων
777 663 872 749 σκέλη
895 665 950 729 καὶ
972 670 1087 750 τρίχας
1110 665 1248 750 νομιζό-

97 760 172 839 διᾶς
195 761 407 846 δυσαρέστου.
441 761 545 850 ἐσθὴς
567 756 597 828 δ’
615 748 655 850 ἦν
681 787 777 846 μενοι
799 762 883 844 ἔχειν
904 765 1168 850 παραδέδονται,
1193 772 1249 836 καὶ

95 875 166 940 τοῖς
180 865 351 951 Σειληνοῖς
373 857 584 952 άμφίμαλλοι
603 891 655 946 χι·
682 863 783 952 ταάτη
795 866 975 932 καλεῖσθαι
987 860 1067 934 άπὸ
1085 873 1165 936 τοῦ
1181 893 1248 937 σε·

95 967 205 1042 τώνες.
240 963 420 1032 αἰνίττεται
448 966 484 1032 δὲ
511 962 531 1054 ἡ
555 964 654 1054 στολὴ
683 970 854 1053 σηρέναι
882 971 930 1054 τῷ
958 967 1055 1055 οίνῳ,
1090 976 1248 1039 τουτέστι

95 1063 154 1152 τὴν
184 1063 218 1132 ἐκ
247 1069 307 1133 τοῦ
327 1067 493 1135 Διονύσου
516 1073 656 1157 φυτείαν
682 1072 863 1157 κεχηνέναι·
887 1071 1036 1157 φίλοινοι
1057 1071 1122 1159 γάρ
1147 1072 1227 1140 εἰσι.

95 1166 214 1234 καὶτὰ
237 1171 302 1235 τῶν
325 1167 502 1255 οίναρίδων
525 1169 619 1266 δάση.

181 1323 280 1390 Vides
307 1323 368 1390 hoc
389 1312 517 1390 Aeliani
539 1331 674 1391 tractum
697 1345 767 1392 esse
790 1346 831 1391 ex
853 1325 956 1391 doctis
978 1325 1247 1398 adnotationibus

96 1425 253 1492 adiunctis
276 1427 340 1491 illis
363 1426 406 1492 ad
428 1427 565 1493 eundem
587 1427 703 1491 librum
724 1426 940 1508 Platonicum,
964 1447 1005 1493 ex
1027 1449 1091 1510 quo
1117 1438 1246 1498 senten·

96 1528 156 1593 tias
179 1527 334 1610 quasdam
356 1547 414 1612 per
427 1529 621 1594 Fauorinum
643 1528 772 1610 quidem
794 1530 828 1593 in
849 1529 972 1594 uariam
994 1529 1166 1597 historiam
1191 1533 1246 1600 de·

95 1630 221 1695 uenisse
243 1629 389 1711 proxime
406 1632 543 1696 assecuti
558 1650 676 1696 sumus.
710 1627 803 1706 Quod
818 1649 894 1695 uero
911 1629 951 1695 de
968 1631 1173 1699 deriuatione
1189 1655 1245 1700 no·

95 1731 215 1793 minum
231 1729 427 1814 Satyrorum,
451 1732 642 1814 Tityrorum,
661 1730 842 1795 Silanorum
857 1731 902 1796 ibi
918 1733 1090 1816 quaeritur,
1109 1738 1245 1820 egregie

96 1832 235 1896 concinit
256 1851 327 1896 cum
350 1831 459 1897 indole
481 1834 672 1916 omnigenae
694 1831 856 1914 historiae,
879 1833 912 1896 in
935 1852 999 1914 qua
1020 1840 1103 1900 teste
1123 1836 1245 1906 Photio

94 1933 222 1997 fuerunt
242 1933 308 1996 τῶν
330 1929 414 1995 κατά
437 1929 478 1997 τά
501 1926 649 2015 ὀνόματα
671 1936 801 1998 θέσεων
825 1931 1036 2018 αἰτιολογίαι.
1061 1972 1103 1982 -

178 2051 215 2116 V.
232 2049 263 2115 h.
286 2051 369 2134 IV‚1
395 2048 526 2139 (ε’θη).]
570 2054 739 2119 Terrarum
769 2072 895 2136 quoque
925 2052 1179 2139 descriptionem
1210 2061 1245 2125 in

96 2154 264 2237 omnigena
286 2151 421 2219 historia
440 2156 561 2239 passim
576 2161 743 2221 tractatam
758 2155 855 2221 fuisse
871 2154 1007 2221 efficitur
1023 2175 1063 2221 ex
1079 2157 1245 2244 Stephani

95 2255 241 2338 Byzantii
256 2256 414 2322 lemmatis
430 2257 476 2323 sic
491 2257 664 2341 inscriptis:
687 2249 846 2339 Ἄργιλος,
869 2247 1095 2339 Αὐταριᾶται,
1118 2259 1246 2344 Τετρά-

96 2357 204 2436 πολις,
228 2354 433 2437 Χελιδόνιοι,
452 2350 622 2438 Ὠκεανός,
643 2391 685 2402 -
706 2349 812 2441 Ἀκτή,
836 2349 1024 2440 Ἀραχωτοί,
1048 2357 1244 2450 Βόσπορος,

94 2457 298 2547 Σφακτηρια.

179 2561 297 2626 Verum
320 2580 384 2626 non
406 2567 527 2625 tantum
551 2561 592 2626 de
615 2562 676 2626 situ
698 2562 839 2644 urbium,
865 2562 1036 2643 montium,
1059 2560 1242 2653 fluminum,

57 2674 59 2679 '
96 2661 153 2728 sed
183 2662 278 2726 etiam
307 2660 348 2726 de
371 2660 553 2728 hominibus
576 2668 607 2727 et
628 2663 756 2727 fabellis
779 2663 948 2745 unicuique
971 2668 1077 2728 terrae
1099 2671 1244 2752 propriis

94 2763 139 2828 ibi
155 2763 306 2846 scriptum
323 2770 400 2846 erat,
421 2765 447 2830 si
464 2764 593 2846 quidem
608 2763 789 2848 Stephanus
805 2761 886 2828 haec
901 2763 979 2830 dicit
994 2785 1018 2830 s.
1031 2785 1061 2830 u.
1074 2764 1244 2854 Αἰθίοψι

95 2913 145 2928 ...
160 2854 360 2944 ὀνομάζουσι
372 2863 408 2928 δὲ
420 2861 497 2940 τοδς
513 2864 640 2941 αἰτίους
654 2857 779 2929 τουτων
796 2869 850 2946 (sc.
865 2865 1073 2950 Aethiopum)
1091 2873 1244 2956 Μίθραν

93 2965 149 3029 καὶ
174 2961 340 3048 Φλεγύαν,
365 2958 486 3050 άνδρας
508 2963 692 3041 Αἰθίοπας
713 2962 750 3030 τδ
773 2968 880 3050 γένος,
911 2960 958 3042 nic
982 2972 1245 3055 Φαβωρῖνος.

179 3084 211 3150 S.
228 3105 257 3149 u.
274 3084 454 3150 Βισαλτίαε
477 3081 578 3159 πόλις
599 3085 655 3149 καὶ
666 3082 759 3170 χώρα
774 3083 998 3165 Μακεδονίας,
1022 3080 1092 3152 άπδ
1110 3085 1244 3157 Βισάλ-

93 3210 151 3250 του
174 3185 233 3248 τοῦ
251 3178 363 3249 Ἡλίου
385 3187 440 3251 καὶ
459 3191 487 3250 Γ
484 3187 532 3273 ῆς.
555 3186 634 3270 περὶ
655 3183 776 3273 ταύτην
801 3185 832 3251 οἱ
855 3186 949 3272 λαγοὶ
973 3185 1089 3268 σχεδδν
1113 3191 1245 3270 πάντες

94 3282 286 3352 ἁλίσκονται
316 3285 373 3357 δύο
402 3279 516 3373 ἥπατα
545 3285 687 3368 ἔχοντες,
717 3282 763 3364 τάς
793 3287 999 3371 Θεόπομπος
1026 3288 1157 3377 ἱστορεῖ
1186 3298 1243 3360 καὶ

95 3392 351 3473 Φαβωρῖνος.

178 3507 210 3573 S.
226 3527 256 3571 u.
279 3505 480 3591 Κρεμμυιάνε
502 3505 594 3594 κώμη
618 3511 799 3594 Κορίνθου.
834 3502 978 3587 Εὔδοξος
1002 3508 1083 3596 ἕκτῳ
1097 3515 1158 3599 γῆς
1175 3539 1240 3580 πε·

93 3605 217 3691 ριόδου.
241 3603 258 3672 δ
283 3607 422 3695 πολίτης
436 3607 683 3692 Κρεμμυώνιος.
703 3603 751 3674 (ἐν
773 3601 794 3694 ᾗ
814 3609 1002 3691 μυθεύουσι
1023 3610 1064 3678 τά
1080 3615 1158 3696 περὶ
1177 3613 1239 3701 τὴν

95 3712 333 3791 Κρεμμυωνίαν
356 3701 403 3787 ὗν,
426 3706 465 3794 ἢν
486 3713 610 3796 μητέρα
627 3713 686 3776 τοῦ
700 3710 917 3779 Καλυδωνίου
932 3711 1061 3795 κάπρου
1077 3716 1162 3802 φασί
1180 3718 1239 3782 καὶ

92 3810 158 3874 τῶν
183 3811 317 3895 Θησέως
346 3803 462 3874 ἄθλων
485 3805 590 3897 [iaus.
637 3817 886 3895 Φαβωρῖνος
910 3816 961 3895 δέ,
992 3808 1045 3882 ὅτι
1066 3818 1124 3883 τοῦ
1142 3808 1238 3903 Ἐρυ-

91 3912 239 3989 μανθίου
261 3910 316 3974 καὶ
337 3910 397 3973 τοῦ
418 3910 633 3978 Καλυδωνίου
655 3913 761 4000 μήτηρ
783 3899 833 4001 ἦν.
