2714 4500
163 186 203 243 44
549 192 550 195 ι
625 185 703 241 senx
720 185 847 255 aucupa

101 372 128 410 u.
139 355 165 409 h.
176 355 238 421 XII,
249 359 289 423 32,
304 354 336 409 de
362 354 545 425 Pythagorae,
577 355 756 424 Empedoclis,

302 438 427 509 Hippiae,
446 438 561 507 Gorgiae
577 439 757 494 munditiani·
785 437 819 493 cf.
832 438 895 493 uh.
907 439 1087 504 mro-31,
1150 355 1195 592 ls.
1207 457 1235 494 u.
1261 445 1310 511 Tpu

301 523 352 578 mis
370 524 509 592 exquisIta,

302 733 344 782 est
359 727 554 795 cognominum,
802 732 846 779 tur
863 725 892 779 in
907 725 1087 796 disceptandis

99 661 125 698 ιι.
136 644 162 698 h.
173 643 235 710 XII,
245 648 287 711 35,
301 642 381 697 index
393 642 560 711 quorundam
572 640 708 697 homiuum
716 642 757 694 in·
785 656 854 709 quae
872 641 962 711 capilo
977 656 1086 696 uersan-

802 810 961 879 quibusdam
978 810 1086 881 spuriis,
1149 651 1169 944 ²
1265 763 1278 816 2

99 883 126 920 u.
136 867 162 920 h.
172 867 234 931 XII,
244 871 286 933 36,
298 867 330 922 de
351 877 462 918 numero
479 861 595 917 filiorum
612 861 725 927 Niobae,

99 1019 126 1056 ιι.
137 1002 163 1056 h.
174 1001 236 1066 XII,
247 1006 288 1070 42,
301 1001 405 1070 aliquot
429 998 550 1054 homines
575 997 760 1066 comprehensi
785 997 874 1051 uerbis
883 997 1086 1070 ἔθρεψεοιτρα-
1168 1017 1193 1057 s.
1205 1020 1234 1057 u.
1259 1007 1310 1074 Τρο.

302 1089 366 1140 sunt
384 1100 401 1139 a
418 1083 511 1138 bestiis
529 1083 632 1144 nutriti,
801 1085 886 1151 φῆναι
897 1081 935 1135 ibi
948 1083 1086 1154 appositis,

99 1205 126 1243 u.
139 1189 165 1242 h.
177 1186 238 1254 XII,
249 1192 291 1252 43,
300 1189 475 1241 recensentur
492 1184 569 1238 multi
586 1183 639 1238 uiri
651 1183 697 1252 qui
708 1183 758 1237 hu·
1168 1187 1193 1226 s.
1202 1189 1231 1226 u.
1249 1177 1310 1226 Taso

302 1272 358 1326 mili
370 1273 429 1326 loco
443 1271 499 1324 nati
507 1268 604 1323 incluti
613 1268 758 1333 eraserint,
1249 1272 1302 1323 τηε.

99 1391 125 1429 u.
138 1375 164 1428 h.
174 1374 235 1441 XII,
246 1380 287 1440 45,
301 1373 426 1430 formicas
436 1373 464 1426 iu
472 1386 519 1426 ore
524 1371 614 1425 Midae
624 1369 757 1424 dormien-

300 1460 335 1513 tis
344 1459 479 1513 frumenta
489 1457 644 1521 collocasse,
657 1455 757 1524 apesin

301 1543 422 1600 Platonis
432 1557 477 1598 ore
486 1541 566 1597 fauos
574 1540 758 1609 composuisse

1167 1657 1190 1696 8.
1202 1659 1231 1697 u.
1256 1645 1310 1712 Τέρι

303 1632 330 1681 et
346 1625 459 1681 Pindari
475 1626 593 1680 nutrices
611 1624 703 1689 fuisse,

98 1745 124 1784 u.
135 1729 162 1784 h.
173 1727 234 1794 XII,
245 1734 286 1796 lo,
301 1727 407 1783 easdem
425 1725 567 1795 Dionysio,
591 1741 622 1780 eo
640 1725 712 1794 quod
729 1725 757 1779 in

302 1827 383 1865 manu
393 1811 449 1864 eius
460 1809 651 1874 consedissent,
666 1815 756 1879 tyran-

302 1895 390 1949 nidem
408 1894 569 1949 uaticinatas
588 1909 655 1959 esse,

99 2018 126 2055 ιι.
136 2001 163 2053 h.
173 1999 236 2063 XII,
249 2001 289 2066 53,
303 1995 658 2053 demaxImorumbellorum
668 1996 757 2050 causis
1112 2028 1130 2083 Β
1165 2011 1187 2051 s.
1198 2013 1228 2050 u.
1250 1993 1310 2049 Πὸλι

1111 1903 1131 2027 tue-1
1105 1637 1139 1880 snnponb
1112 1544 1139 1601 u!

302 2097 412 2150 exiguis,

99 2203 126 2241 n.
134 2186 160 2241 h.
169 2186 293 2252 XIII,15,
303 2190 494 2239 enumerantur
509 2183 627 2252 quinque
636 2185 758 2254 exempla
783 2185 1085 2254 quiainIuitioestzpu-
1111 2137 1139 2254 ἒ·
1165 2199 1226 2238 s.u.
1249 2190 1310 2249 Παχ

301 2269 438 2324 hominum
453 2269 605 2333 stultorum,
800 2273 828 2322 ol
842 2269 1001 2336 παχύτατον
1015 2272 1086 2342 γενέ·
1111 2258 1138 2344 ἲ·
1248 2289 1298 2324 ται.

800 2353 872 2406 σθαι
888 2353 940 2422 τὴν
956 2350 1087 2418 διάνοιαν,
1112 2347 1131 2441 Ξ

98 2476 126 2513 u.
137 2459 163 2513 h.
174 2458 249 2522 XIII,
261 2462 292 2511 23
302 2460 330 2511 et
339 2461 380 2521 24,
397 2459 574 2510 recensentur
582 2456 699 2525 quinque
707 2455 756 2511 ho·
819 2513 821 2519 ,

302 2541 387 2596 mines
411 2541 457 2609 qui
481 2556 495 2594 e
516 2541 620 2609 legibus
637 2542 672 2595 ab
690 2541 757 2609 ipsis

301 2627 363 2680 latis
381 2627 542 2680 detrimenta
560 2627 688 2693 ceperint,

98 2745 126 2783 u.
133 2728 158 2781 h.
165 2727 240 2790 XIII,
248 2732 289 2793 25,
299 2727 417 2781 Corinna
428 2727 543 2780 uictoria
554 2727 658 2781 musica
667 2741 684 2780 a
693 2727 757 2780 Pin·

303 2812 368 2867 daro
386 2817 524 2879 reportata
541 2826 587 2864 sus
605 2810 640 2864 ab
658 2826 690 2864 eo
709 2825 756 2879 ap-

301 2894 403 2963 pellata
421 2910 479 2948 esse
496 2895 589 2959 fertur,

98 3016 126 3054 u.
137 2998 163 3052 h.
174 2997 248 3063 XIII,
260 3000 369 3061 37-43,
392 2996 472 3050 effata
489 2996 622 3050 clarorum
639 2996 758 3051 uirorum
1257 3015 1270 3066 p

304 3083 432 3149 congesta
446 3083 510 3134 sunt
527 3080 597 3133 inter
612 3094 640 3134 se
653 3080 757 3146 similia,

98 3201 124 3238 u.
136 3184 162 3238 h.
172 3185 244 3250 XIV,
256 3188 347 3247 8-20,
366 3181 525 3236 exhibentur
542 3181 711 3236 narrationes
725 3197 757 3237 eo

303 3265 413 3321 consilio
431 3263 519 3330 fictae,
538 3273 568 3318 ut
584 3267 668 3320 rIsum
686 3268 757 3322 exci-

300 3353 398 3416 tarent,

98 3434 335 3501 u.h.XIV,2l,de
353 3433 418 3487 uiris
436 3433 566 3502 pecuniae
583 3434 757 3503 neglegentis·
783 3444 928 3507 propterea
954 3438 1025 3507 quod
1048 3435 1086 3490 sic

300 3519 382 3584 simle,
799 3523 904 3591 incipit:
939 3520 1086 3595 χρημάτων

799 3605 1015 3678 κατεφρόνησαν,

1166 2607 1187 2646 s.
1200 2608 1227 2646 u.
1238 2588 1310 2661 malt

1243 2693 1287 2729 ros
1302 2681 1310 2742 (

1240 2759 1310 2827 τύχη]

1105 2535 1136 2829 aunxeuaod
1112 2444 1131 2502 os

98 3704 124 3741 n.
135 3689 160 3742 h.
172 3688 291 3754 illuso,
302 3688 335 3742 de
352 3688 477 3743 fatuitate
489 3704 580 3743 eorum
593 3689 639 3758 qui
650 3691 755 3758 patrum

300 3774 425 3829 laudibus
444 3788 473 3829 se
489 3774 600 3840 iactant,

68 3896 72 3904 .
98 3857 160 3911 uh.
171 3856 244 3924 XIV,
252 3863 293 3926 45,
302 3859 405 3929 aliquot
428 3859 541 3913 feminae
563 3858 680 3913 celebres
697 3859 756 3913 lau·

297 3943 403 3998 dantur.
