2714 4500
139 225 184 280 De
203 226 330 282 fontibus
348 229 446 298 quibus
458 229 588 285 Aelianus
606 231 634 284 in
646 231 723 285 naria
734 230 848 287 historia
861 232 1047 300 componenda
1058 248 1125 288 usus
1137 233 1180 288 sit.
1218 234 1257 293 53

106 399 228 463 τοῦτον
246 393 262 463 ό
284 398 527 483 Φαβωρῖνός
543 423 645 489 φησιν
660 393 753 488 όροις
761 399 955 490 χρήσασθαι
971 400 1027 469 διὰ
1051 404 1054 408 ’

107 502 167 586 τῆς
196 504 435 588 μαθηματικῆς
463 494 556 590 ύλης,
587 501 644 568 ἐπὶ
668 504 771 569 πλέον
794 502 830 568 δέ
851 501 1028 591 Σωκράτην

107 603 166 666 καὶ
200 599 279 679 τούς
313 600 424 690 ἐκείνῳ
452 602 704 692 πλησιάσαντας
733 606 789 670 καὶ
817 604 901 687 μετὰ
929 598 1024 670 ταῦτ’

112 695 347 793 Ἀριστοτέλην
361 706 417 770 καὶ
431 703 508 782 τούς
524 705 700 783 στωικούς·
724 699 808 771 άλλά
823 704 952 793 μήνκαὶ
969 703 1027 772 τόν

110 797 253 892 ούρανδν
281 809 450 893 πρῶτον
478 799 644 890 όνομάσαι
665 806 789 891 κόσμον
810 809 866 874 καὶ
887 805 948 895 τήν
969 810 1028 894 γῆν

110 906 328 995 στρογγύλην·
357 903 403 986 ιός
425 908 461 974 δὲ
487 907 704 996 Θεόφραστος
726 910 955 998 Παρμενίδην·
983 905 1029 986 ὡς

110 1008 148 1074 δέ
171 1008 287 1096 Ζήνων
313 1005 479 1076 Ἡσίοδον.
512 1009 619 1096 τούτῳ
648 1013 753 1098 φασὶν
776 1003 1027 1098 άντιπαρατάσ-

111 1116 238 1178 σεσθαι
260 1110 403 1177 Κύλωνα
424 1110 582 1199 καθάπερ
605 1105 794 1194 Ἀντίλοχον
809 1112 994 1200 ’Σωκράτει

195 1231 247 1297 Di.
263 1233 320 1298 La.
336 1232 393 1316 III,
410 1236 450 1296 24
466 1232 507 1299 de
518 1233 667 1298 Platone:
696 1224 801 1308 Ούτος
815 1235 904 1317 πριῦ
909 1255 978 1308 τος
993 1230 1027 1297 ἐν

111 1329 273 1419 ἐρωτήσει
296 1331 392 1417 λόγον
414 1331 625 1421 παρήνεγκεν,
653 1325 697 1410 ὥς
721 1356 805 1422 φησι
829 1339 1027 1418 Φαβωρῖ-

109 1457 179 1511 νος
209 1432 249 1501 ἐν
278 1427 407 1522 ὀγδόη
435 1433 712 1522 παντοδαπῆς
735 1437 942 1522 ἱστορίας·
970 1437 1027 1501 καὶ

108 1539 279 1623 πρῶτος
306 1534 364 1602 τὸν
383 1534 476 1602 Ικατὰ
504 1533 563 1624 τῆν
592 1529 751 1603 άνάλυσιν
778 1540 836 1624 τῆς
864 1536 1026 1624 ζητήσεως

106 1635 237 1723 τρόπον
260 1637 457 1726 εἰσηγήσατο
481 1633 709 1723 Λεωδάμαντι
729 1642 778 1725 τῴ
803 1643 936 1727 Θασίῳ·
970 1641 1027 1705 καὶ

108 1742 274 1824 πρῶτος
304 1739 337 1806 ἐν
366 1741 555 1828 φιλοσοφίᾳ
584 1734 767 1818 ἀντίποδας
795 1734 949 1825 ὠνόμασε
970 1742 1024 1807 καὶ

109 1855 273 1923 στοιχεῖον
302 1844 358 1909 καὶ
387 1840 592 1930 διαλεκτικήν
619 1846 674 1910 καί
701 1842 867 1931 ποιότητα
889 1845 1026 1910 καὶτοῦ

108 1935 260 2030 άριθμού
281 1943 340 2031 τὴν
363 1944 515 2033 προμήκη
538 1941 595 2010 καὶ
616 1948 682 2011 τῶν
703 1944 859 2032 ’περάτων
875 1943 933 2032 τὴν
949 1942 1024 2011 ἐπί·
1080 1972 1082 1979 ’

107 2045 215 2112 πεδον
239 2043 440 2133 ἐπιφάνειαν
462 2050 518 2114 καὶ
539 2050 625 2113 θεοῦ
640 2046 813 2136 πρόνοιαν.
841 2049 898 2112 καὶ
912 2050 1024 2134 πρῶ,
1065 1993 1108 2059 ἃᾶ
1129 1995 1248 2063 lemma

107 2170 182 2222 τος
203 2150 269 2213 τῶν
292 2148 491 2237 φιλοσόφων
514 2143 650 2215 άντεῑπε
672 2148 758 2238 πρός
780 2147 838 2215 τὸν
854 2147 951 2235 λόγον
966 2146 1024 2215 τόν
1058 2112 1248 2261 Οῧὲξὲξίἒῖθ

105 2254 244 2314 Λυσίου
267 2253 327 2315 τού
341 2249 511 2339 Κεφάλου,
528 2248 706 2335 ἐκθέμενος
723 2245 822 2318 αὐτὸν
838 2249 920 2316 κατὰ
937 2249 1024 2327 λέξιν
1082 2298 1121 2357 Π
1139 2296 1204 2358 &w
1248 2261 1251 2269 ’

105 2348 143 2416 ἐν
166 2354 214 2436 τῷ
231 2352 381 2440 Φαίδρῳ.
403 2354 459 2419 καὶ
481 2355 639 2438 πρῶτος
661 2352 832 2441 ἐθεώρησε
846 2355 904 2439 τῆς
918 2349 1023 2439 γραμ-
1206 2318 1223 2370 ς

104 2456 249 2540 ματικῆς
263 2451 322 2541 τῆν
338 2453 486 2538 δύναμιν.
509 2454 675 2541 πρῶτός
689 2480 725 2521 τε
741 2449 939 2544 άντειρηκιδς
951 2476 1023 2536 σχε-

106 2552 169 2620 δδν
200 2547 308 2622 άπασι
336 2569 407 2632 τοῖς
434 2554 501 2643 πρὸ
533 2549 632 2622 αὐτοῦ
662 2556 806 2645 ζητεῖται
835 2553 890 2622 διδ
919 2562 953 2623 τί
977 2553 1021 2642 μῆ

104 2655 330 2744 ἐμνημόνευσε
351 2661 573 2745 Δημοκρίτου.

194 2779 246 2842 Di.
259 2778 315 2843 La.
331 2777 418 2860 VIII,
434 2781 473 2840 12
490 2778 530 2845 de
542 2778 741 2863 Pythagora:
756 2780 905 2862 Λέγεται
921 2777 957 2843 δε
968 2779 1024 2844 καὶ

102 2880 196 2963 πριύ
203 2901 274 2954 τος
294 2882 428 2965 κρέασιν
452 2872 596 2966 δισκῆσαι
619 2871 787 2967 άθλητάς,
810 2881 867 2945 καὶ
888 2879 1023 2967 πρῶτόν

102 2974 138 3066 γ’
155 2972 358 3068 Εὐρυμένην,
392 2979 484 3045 καθά
517 3001 601 3069 φησι
633 2984 838 3067 Φαβωρῖνος
859 2978 892 3046 ἐν
921 2988 1023 3070 τρίτῳ

101 3085 173 3148 ταῖν
196 3075 555 3170 ἀπομνημονευμάτων,
577 3084 644 3147 των
659 3079 823 3168 πρότερον
839 3081 952 3164 ἰσχάσι
967 3082 1023 3171 ξη-

102 3197 182 3272 ραῖς
210 3186 265 3249 καὶ
287 3197 400 3270 τυροῖς
419 3181 549 3270 ὑγροῖς,
579 3177 664 3248 άλλόι
686 3183 742 3249 καὶ
764 3197 885 3269 πυροῖς
908 3207 1022 3267 σωμα-

102 3283 273 3352 σκούντων
286 3278 424 3367 αύτούς,
447 3284 605 3368 καθάπερ
621 3280 638 3350 ό
658 3277 756 3362 αύτδς
774 3289 1023 3371 Φαβωρῖνος

102 3386 149 3453 ἐν
172 3379 298 3475 ὀγδόη
321 3388 598 3476 παντοδαπῆς
621 3386 811 3474 ἱστορίας
834 3391 946 3473 φησίν.

193 3491 366 3558 Praeterea
394 3512 433 3558 ea
456 3493 644 3576 omnigenae
666 3489 819 3556 historiae
842 3490 1020 3574 fragmenta

101 3614 190 3678 quae
219 3598 347 3660 seruata
368 3600 441 3660 sunt
462 3593 549 3677 apud
571 3585 751 3677 Diogenem
772 3593 814 3675 H,
840 3596 868 3674 1,
894 3595 943 3674 11,
968 3592 1019 3673 20,

99 3696 142 3777 V,
160 3697 190 3779 9,
211 3695 270 3779 ΙΧ,
286 3695 336 3777 23,
354 3697 393 3757 29
409 3713 490 3760 uoce
505 3695 639 3778 πρῶτος
655 3699 838 3761 oecurrente
855 3691 895 3757 de
911 3692 1020 3756 inuen-

99 3792 228 3861 teribus
251 3801 324 3859 sunt
335 3796 366 3871 1).

98 3913 310 3925 ‚,...-...—......

194 3981 217 4041 1)
234 3975 295 4029 Vid.
316 3990 376 4043 cap.
390 3975 423 4030 X.

1025 2461 1027 2465 ,
1057 2396 1254 2479 inscriptum.
