2714 4500
82 197 128 253 De
146 197 278 254 fontibus
296 197 393 268 quibus
405 196 535 253 Aelianus
550 196 579 252 in
591 195 670 251 uaria
681 195 795 252 historia
810 195 995 266 componenda
1007 210 1072 251 usus
1085 195 1128 252 sit.
1165 195 1204 254 25

53 391 120 437 non
141 371 261 457 potuit.
299 369 411 453 ltaque
426 369 610 436 Perizonius
631 369 674 437 ad
697 367 794 434 duces
811 374 843 433 et
856 367 1017 452 principes
1032 368 1208 435 litterarum
1257 414 1265 465 ,³

58 472 259 539 Gmecarum
287 490 360 539 enm
387 468 593 537 adscendisse
614 489 783 556 perperam
805 468 932 534 uidetur
953 470 1101 553 opinatus
1124 491 1204 539 esse.
1257 470 1261 523 t

58 575 167 659 Atque
190 580 227 640 ut
248 594 307 658 per
321 571 521 638 Athenaeum
539 571 639 638 frusta
653 570 809 638 Charonis
824 569 1046 654 Lampsaceni,
1069 571 1205 657 Ctesiae,

59 675 282 763 Theopompi,
309 671 522 759 Nymphidis,
552 672 701 757 Doridis,
724 670 914 756 Phylarohi,
938 672 1118 756 Alcmanis‚
1141 674 1207 741 hle·

60 777 187 862 nandri,
210 779 383 844 multorum
403 774 539 840 aliorum
561 775 593 839 in
615 775 739 840 uariam
753 773 920 840 historiam
934 773 1131 841 deuenerunt
1153 797 1207 843 ne-

62 900 124 964 que
155 900 198 947 ex
225 878 277 945 his
303 877 398 961 ipsis,
428 876 474 943 ita
500 895 543 942 ne
572 881 694 942 ceteros
723 874 853 958 quidem
881 875 1007 959 priscae
1035 879 1207 946 memoriae

62 982 245 1066 scriptores,
268 985 304 1046 ut
317 977 507 1059 Herodotos,
530 976 695 1060 Isocrates,
711 977 871 1059 Platones,
888 996 1081 1060 quamquam
1097 979 1126 1046 ei
1142 1000 1207 1046 ma-

63 1083 179 1151 teriam
207 1080 501 1167 suppeditauerunt,
524 1078 566 1143 ab
589 1098 627 1145 eo
651 1078 845 1146 consultatos
869 1097 939 1144 esse
959 1080 1128 1163 probabile
1150 1088 1207 1149 est.

64 1185 150 1269 Ergo
172 1181 216 1248 ad
236 1182 398 1248 deriuatos
414 1178 569 1263 quosdam
583 1181 687 1247 fontes
700 1178 860 1245 Athenaei
875 1179 995 1246 similes
1011 1180 1207 1250 deducimur.

150 1283 322 1368 Ceteroqui
343 1289 486 1350 ueterum
509 1288 673 1348 auctorum
694 1281 856 1348 uolumina
878 1300 953 1346 num
975 1282 1016 1347 ab
1040 1301 1078 1348 eo
1093 1284 1208 1367 inspici

63 1386 227 1471 potuerint
256 1384 351 1451 ualde
373 1383 554 1467 ambigitur.
600 1383 732 1450 Scilicet
752 1381 930 1448 Alexandri
953 1381 1065 1448 Seueri
1086 1389 1208 1471 tempo·

63 1489 169 1570 ribus,
199 1484 459 1570 quandoquidem
488 1486 627 1568 quinque
653 1486 706 1550 uel
728 1503 786 1550 sex
808 1484 946 1550 saeculis
967 1489 1041 1549 ante
1065 1486 1208 1554 confecta

63 1595 164 1672 erant,
181 1589 227 1653 ita
241 1587 445 1672 circumferri,
465 1593 500 1652 ut
515 1587 646 1653 cuilibet
660 1585 780 1652 homini
795 1585 909 1652 litteris
924 1586 1045 1652 imbuto
1060 1596 1209 1673 prompta

63 1696 181 1773 essent,
198 1695 283 1756 certe
298 1690 363 1754 iarn
378 1687 504 1775 pridem
519 1687 688 1754 desierant.
726 1686 762 1753 Si
777 1694 884 1753 autem
899 1706 940 1753 ex
955 1688 1106 1773 primario
1122 1690 1208 1758 fonte

65 1811 226 1876 quamque
248 1790 460 1857 narrationem
481 1790 671 1874 repetiisset,
694 1790 836 1855 maxima
857 1788 1052 1856 bibliotheca
1075 1792 1105 1857 ei
1128 1812 1209 1876 opus

64 1894 178 1960 luisset
198 1910 303 1975 neque
324 1910 403 1975 prae
424 1889 627 1958 multitudine
648 1892 845 1958 uoluminum
869 1891 1100 1975 explicatorum
1122 1894 1209 1961 domi

64 1995 242 2076 habuisset,
264 1991 319 2058 ubi
342 1990 476 2059 sederet.

71 2179 124 2243 VI.
159 2177 245 2258 Quae
267 2179 352 2241 ratio
375 2179 417 2240 ait
431 2178 513 2240 abiar
527 2178 656 2240 Aeliani
675 2178 767 2240 corio
789 2186 820 2239 et
842 2187 962 2241 ceteros
977 2198 1055 2262 quos
1069 2182 1210 2245 acuimus

504 2289 642 2342 aeterum
665 2278 771 2341 libros.

152 2401 197 2468 Ut
218 2419 296 2466 uero
318 2397 468 2465 tenebrae
490 2399 686 2464 illustrentur
705 2397 819 2482 quibus
835 2397 973 2480 origines
987 2399 1097 2465 uariae
1113 2398 1209 2469 histo-

62 2504 144 2587 riae,
167 2503 195 2569 si
210 2503 252 2568 ab
265 2499 432 2568 Athenaeo
449 2498 632 2583 disceditur,
656 2501 843 2567 obscuratae
865 2504 946 2582 sunt,
968 2500 1033 2566 alia
1047 2502 1210 2584 praesidia

64 2623 279 2672 assumamus.
312 2602 418 2685 Atque
440 2600 564 2668 duabus
587 2599 717 2684 quidem
739 2602 801 2667 uiis
823 2599 1036 2667 incedendum
1051 2610 1108 2669 est.
1141 2605 1209 2670 Pri·

63 2725 154 2772 mum
184 2723 267 2788 quae
296 2710 437 2788 tempore
461 2701 659 2788 praecedunt
680 2704 878 2786 antiquitatis
900 2704 1025 2769 litterae
1048 2711 1079 2770 et
1101 2727 1209 2774 monu-

64 2812 176 2873 menta
198 2807 314 2889 omnia,
337 2825 401 2871 non
423 2805 525 2871 solum
540 2803 615 2870 libri
631 2806 759 2889 seruati,
782 2804 840 2871 sed
857 2805 953 2871 etiam
969 2803 1209 2889 deperditarum

65 2909 223 2992 reliquiae
245 2907 352 2973 animo
373 2905 560 2991 perlustrari
583 2911 614 2970 et
629 2926 699 2971 cum
717 2927 756 2973 ea
771 2907 919 2974 contendi
934 2907 1061 2974 debent.
1099 2908 1208 2975 Altero

65 3012 138 3076 loco
163 3008 379 3091 quaerendum
408 3008 468 3073 erit
493 3008 521 3073 si
544 3026 625 3090 qnae
648 3008 783 3073 fontium
805 3008 926 3075 indicia
948 3029 989 3076 ex
1011 3010 1108 3076 uariis
1130 3010 1209 3092 ipsis

66 3111 219 3178 extricari
239 3110 372 3194 possint.

152 3211 271 3278 Verum
299 3210 384 3294 quod
412 3209 454 3276 ad
483 3210 751 3293 comparationem
773 3211 953 3277 faciendam
975 3212 1103 3294 attinet,
1132 3231 1208 3293 quo·

65 3314 154 3379 niam
183 3312 354 3379 Aelianum
388 3311 500 3378 ceteris
534 3312 715 3378 auctoribus
744 3312 889 3379 similiter
919 3318 1014 3394 atque
1042 3312 1208 3380 Athenaeo

65 3434 159 3481 usum
187 3433 259 3481 esse
282 3417 527 3479 consentaneum
550 3419 614 3497 est,
637 3412 753 3480 adsunt
774 3419 861 3479 certa
883 3413 1009 3480 criteria
1031 3414 1145 3496 quibus
1168 3414 1209 3482 de

64 3515 357 3584 necessitudinibus
372 3534 454 3597 quae
469 3515 500 3581 ei
516 3535 587 3580 oum
599 3515 672 3581 aliis
684 3514 884 3580 intercedunt
895 3514 1095 3581 diiudicetur.
1119 3516 1210 3583 Haec

65 3638 127 3702 ego
156 3616 334 3701 respiciens
366 3616 488 3682 litteras
517 3622 660 3681 ueterum
689 3634 760 3681 oum
789 3616 879 3681 uaria
907 3615 1038 3681 historia
1067 3617 1210 3686 conferre

65 3719 205 3802 suscepi.
250 3715 455 3799 Quocumque
469 3766 471 3771 .
484 3724 591 3782 autem
619 3736 671 3783 me
699 3717 855 3801 conuerti,
887 3716 928 3783 de
954 3718 1089 3784 seruatis
1112 3719 1210 3786 Grae·

66 3840 175 3888 corum
190 3820 469 3899 Romanorumque
490 3819 580 3884 libris
603 3839 643 3884 ne
665 3837 763 3883 unum
778 3817 907 3900 quidem
929 3817 971 3884 ad
986 3837 1058 3884 eam
1073 3818 1210 3886 conflan-

66 3921 141 3988 dam
169 3918 350 3987 adhibitum
380 3936 451 3984 esse
472 3926 599 4004 praeter
621 3919 892 4003 exspectationem
916 3922 1061 4006 cognoui.
1106 3921 1211 4004 Atque
