2714 4500
126 108 166 162 De
184 108 321 164 fontibus
340 109 438 178 quibus
449 108 578 164 Aelianus
596 108 625 162 in
635 107 712 162 uaria
724 107 836 163 historia
850 106 1032 176 componenda
1044 123 1109 162 usus
1122 107 1165 162 sit.
1201 107 1240 166 65

100 283 326 366 compendium
341 281 493 347 Fauorini
508 279 705 363 deducimur,
728 281 850 346 scilicet
873 280 976 346 denuo
991 279 1034 345 ad
1050 286 1241 347 commenta·

101 387 167 452 rios.
186 419 225 429 -
243 385 346 450 Porro
363 381 442 449 haec
458 401 584 464 quoque
599 382 699 447 uerba
712 383 821 449 nescio
836 402 878 448 an
893 382 975 446 inter
986 400 1022 448 se
1034 379 1241 447 cohaereant:

102 523 135 589 V.
150 521 181 586 h.
205 520 283 602 XII,
302 522 355 583 17:
377 507 452 581 ‘'Oco
473 518 556 599 Λη-
584 517 636 582 Di.
651 517 708 582 La.
725 518 762 600 V,
776 500 900 581 76:³Hv
915 510 976 601 γὰρ
992 513 1241 603 (Δημήτριος

102 621 276 709 μήτριος
305 615 473 683 τοσούτων
496 614 556 681 bd·
583 611 802 706 dfflatppcdg)
825 614 860 682 ἐκ
881 619 939 703 τῆς
953 614 1109 693 Κόνωνος
1124 615 1240 697 οίκίας,

103 727 163 790 νῶν
196 717 403 810 ἡγεμονεύων
437 715 557 806 ἐφοίτα
583 713 629 796 ὥς
654 723 897 805 Φαβωρῖνος
928 717 969 785 ἐν
991 716 1139 805 πρώτῳ
1163 721 1241 784 τῶν

103 824 134 902 ἐς
160 828 303 906 Λαμίας
333 823 391 904 τῆς
422 817 557 906 ἑταίρας
584 813 1146 909 ἆττομνημονεομάτωνφηοίν,
1163 811 1238 885 ἄλλ’

102 925 159 993 σὺν
180 938 253 1001 τοῖς
275 916 395 998 ὅπλοις
415 922 469 986 καὶ
493 945 556 1008 φο·
584 914 668 1008 ἀστῇ
689 925 746 988 καὶ
768 916 891 1008 εὐγενεῖ
912 921 1051 1008 συνῴκει
1065 928 1189 1009 Λαμίᾳ
1204 925 1242 1008 τῇ

102 1029 167 1112 ρῶν
188 1023 227 1091 τὸ
251 1021 407 1112 διάδημα.
583 1021 738 1111 ἐρωμένῃ.

183 1165 358 1243 ¹Praeterea
372 1160 514 1227 Socratis
537 1158 719 1242 δαιμόνιον,
742 1161 785 1226 ad
807 1161 892 1243 quod
908 1181 937 1224 u.
955 1158 985 1224 h.
1001 1160 1087 1243 VIII,
1106 1164 1120 1223 1
1145 1162 1242 1245 perti-

101 1272 169 1348 net,
197 1285 219 1330 a
241 1264 476 1329 commentariis
498 1283 562 1329 non
585 1264 724 1329 alienum
751 1262 849 1329 fulsse
877 1261 1019 1344 uidetur,
1048 1263 1241 1345 inquorum

101 1369 184 1433 libro
206 1367 311 1450 primo
328 1364 444 1429 Pollim
458 1364 759 1446 Lacedaemonium,
783 1365 837 1446 qui
852 1363 1020 1429 Platonem
1033 1363 1241 1449 uendidisset,

100 1467 158 1529 τοῦ
189 1463 364 1547 δαιμονίου
386 1469 585 1551 μηνίσαντος
613 1467 647 1530 in
674 1486 760 1532 mare
784 1465 963 1531 demersum
986 1485 1057 1532 esse
1080 1466 1242 1549 Diogenes

100 1567 224 1651 111,ao
253 1568 405 1652 scriptum
433 1567 532 1634 fuisse
560 1573 671 1633 auctor
699 1568 790 1642 est1).
840 1567 987 1650 Denique
1020 1588 1154 1650 quorum
1186 1566 1242 1633 ho·

103 1670 222 1734 minum
249 1671 379 1734 nomina
406 1689 464 1754 per
491 1670 642 1752 reliquias
671 1668 765 1735 buius
787 1669 893 1752 operis
916 1677 1099 1752 occurrunt,
1128 1671 1152 1735 ii
1174 1677 1243 1736 tan·

102 1778 169 1836 tum
191 1790 254 1836 non
276 1790 385 1836 omnes
407 1772 440 1835 in
461 1771 552 1836 uaria
574 1768 707 1836 historia
729 1777 760 1836 et
782 1772 853 1855 ipsa
878 1776 1059 1837 tractantur.
1081 1806 1124 1817 —
1151 1772 1244 1840 Nunc

101 1879 208 1938 autem
230 1871 401 1938 dummodo
423 1872 562 1954 paucula
583 1891 624 1936 ex
647 1870 708 1938 hoc
728 1874 815 1939 fonte
837 1873 870 1937 in
892 1892 963 1938 eam
992 1876 1144 1940 translata
1173 1894 1243 1941 esse

102 1980 223 2040 certum
252 1973 308 2055 sit,
336 1974 437 2038 multa
463 1974 528 2039 alia
556 1972 699 2038 indidem
726 1973 871 2039 deriuata
892 1993 962 2040 esse
985 1977 1053 2040 ueri
1076 1982 1124 2043 est
1146 1977 1243 2041 simil-

101 2076 223 2140 limum.

187 2177 302 2259 Neque
324 2196 400 2242 uero
424 2182 579 2258 quatenus
601 2176 755 2242 Aelianus
778 2178 1011 2243 commentariis
1034 2197 1109 2244 usus
1132 2178 1174 2243 sit
1195 2178 1243 2244 di-

103 2282 218 2363 stincte
245 2278 386 2362 perspIci
413 2283 528 2361 potest.
572 2279 642 2345 Hoc
670 2284 776 2343 tamen
799 2278 971 2344 tenendum
994 2297 1065 2345 esse
1086 2284 1181 2362 puto,
1205 2299 1244 2346 ea

102 2368 264 2446 uariorum
288 2379 395 2462 capita
418 2398 499 2462 quae
523 2380 715 2448 eoontinuis
737 2380 969 2446 narrationibus
992 2381 1165 2464 separatIm
1186 2401 1243 2464 po·

103 2483 175 2548 sitis
197 2485 343 2547 constant
364 2483 443 2564 sola,
469 2501 574 2564 neque
597 2482 746 2566 exempla
768 2487 989 2564 coagmentata
1011 2482 1069 2547 illa
1090 2482 1166 2549 lnde
1189 2483 1244 2550 de·

103 2584 209 2668 promi
236 2583 389 2666 potuisse.
432 2582 532 2649 Porro
554 2591 588 2649 ut
610 2603 757 2668 quaeque
778 2583 917 2649 narratio
939 2584 1066 2649 Aeliani
1088 2592 1244 2669 perpetua

103 2705 145 2751 ex
159 2685 304 2750 Platonis
328 2684 463 2750 lectione
486 2688 634 2768 prouenit
654 2686 708 2752 uel
729 2686 793 2752 alio
817 2684 956 2768 quodam
971 2685 1066 2752 modo
1081 2693 1245 2755 auctorem
1312 2697 1314 2700 ’

102 2785 300 2852 Academiae
322 2786 489 2852 rediuiuae
511 2787 757 2854 adscribendum
771 2789 892 2871 resipit,
915 2789 960 2853 ita
976 2807 1018 2854 ex
1032 2788 1147 2855 eodem
1162 2789 1244 2856 libro

103 2888 247 2954 miscello
263 2886 391 2953 uidetur
406 2906 587 2970 emanasse,
609 2889 766 2972 imprimis
780 2909 811 2955 u.
823 2887 854 2953 lr.
871 2885 957 2972 v111‚
975 2892 1002 2971 1,
1019 2891 1048 2973 2,
1064 2893 1094 2973 9,
1110 2890 1197 2971 XIV,
1214 2896 1244 2973 5,

104 3010 185 3073 quos
197 2990 294 3071 locos,
307 3008 379 3054 cum
390 2987 529 3072 dialogis
540 2990 713 3056 Platonicis
726 2989 926 3072 deberentur,
938 2996 1045 3056 tamen
1056 2991 1097 3056 ab
1108 2990 1244 3058 deltano

103 3093 175 3177 ipso
204 3090 279 3156 inde
309 3110 373 3156 non
401 3110 472 3157 esse
500 3096 669 3174 excerptos
696 3096 792 3156 antea
800 3092 823 3167 2)
851 3093 989 3158 assecuti
1015 3111 1139 3175 sumus;
1169 3093 1246 3158 item

103 3214 134 3259 u.
151 3192 183 3257 h.
198 3193 219 3256 l.
234 3192 283 3256 III
297 3197 394 3276 caput
410 3195 459 3276 19,
481 3192 537 3257 nbi
551 3192 688 3274 legimus
702 3191 870 3259 Platonem
885 3211 927 3258 ex
940 3194 1156 3261 ambulatione
1171 3214 1244 3260 con-

103 3300 196 3361 sueta
224 3313 295 3360 esse
324 3295 492 3376 expulsum
519 3292 560 3358 ab
582 3291 770 3375 Aristotele,
801 3295 891 3360 cuius
920 3295 1025 3376 imago
1053 3315 1175 3362 summa
1197 3296 1245 3360 in·

103 3396 194 3462 uidia
216 3395 296 3461 inibi
318 3394 518 3478 depingitur,
540 3389 568 3458 l.'
585 3393 617 3457 X
639 3399 734 3478 caput
749 3395 800 3476 21,
822 3394 878 3459 ubi
900 3413 978 3479 apes
1001 3397 1098 3461 mella
1120 3398 1153 3462 in
1172 3397 1245 3463 Pla-

103 3499 188 3564 tonis
212 3515 267 3562 ore
289 3496 500 3563 collocauisse
523 3494 684 3577 dicuntur,
713 3495 735 3560 l.
756 3495 805 3560 IX
827 3502 923 3579 caput
947 3500 1000 3579 111,
1024 3496 1111 3580 quod
1133 3504 1182 3565 est
1203 3498 1244 3566 de

102 3598 240 3664 Platone
262 3598 439 3679 longaeuae
461 3597 548 3662 uitae
570 3603 808 3680 contemptore,
826 3597 848 3662 l.
863 3597 912 3662 IX
933 3603 1029 3682 capnt
1043 3601 1094 3683 29,
1117 3600 1173 3666 ubi
1188 3599 1245 3668 So·

103 3704 209 3766 crates
231 3699 363 3764 iuuenes
385 3696 588 3764 lascinientes
610 3698 815 3782 confugisse
838 3705 990 3764 narratur.
1033 3699 1247 3786 Philosopho-

193 3866 217 3928 1)
236 3861 277 3916 ct.
293 3877 320 3931 p.
331 3865 372 3916 13.
450 3866 475 3929 2)
492 3863 556 3932 Peg.
576 3868 652 3934 26sq.
1065 3910 1068 3916 .

155 3953 274 4007 Leipziger
286 3955 386 3998 Studien.
406 3956 453 3999 vn.
1028 3956 1043 4006 5
