2714 4500
92 222 143 277 De
164 222 293 279 fontibus
311 222 407 292 quibus
420 221 550 276 Aelianus
568 220 596 273 in
607 219 685 274 uaria
696 220 810 275 historia
823 223 1006 292 oomponenda
1017 239 1082 279 usus
1095 226 1138 279 sit.
1176 227 1214 284 19

50 396 90 461 V.
110 395 144 461 h.
164 398 194 479 Ι,
215 401 269 460 15:
654 392 769 459 Athen.
793 392 841 458 IX
871 413 944 477 pag.
969 396 1214 465 393f-395a:

657 495 848 557 ΦΑΣΣΑΙ.
880 485 1109 584 Ἀριστοτέλης
1131 500 1214 585 φησὶ

654 595 859 680 περιστερῶν
881 594 941 677 μὲν
963 592 1049 663 εἶναι
1064 600 1098 664 ἓν
1112 603 1213 684 γένος,

655 693 726 782 ε’ίδη
751 693 786 759 δέ
808 699 922 777 πέντε,
949 697 1087 787 γράφων
1110 693 1214 780 οὕτως

652 791 856 883 περιστερά,
870 797 971 879 οἰνάς,
984 800 1074 887 φάψ,
1087 801 1213 889 φάσσα,

653 897 778 982 τρυγών
781 891 876 965 )κτλ.

56 995 104 1067 Ἐκ
136 999 300 1086 διαδοχῆς
329 1003 433 1088 φασὶν
464 999 627 1087 επῳάζειν
653 1022 684 1084 p.
701 1003 807 1067 3941).
831 998 1026 1088 έπηιάζειδ
1042 1004 1213 1072 έκδιαδο-

60 1102 119 1180 τὰς
137 1101 351 1190 περιστεράς.
375 1099 447 1169 εἶτα
459 1107 525 1169 τῶν
537 1128 627 1169 νεοτ-
652 1103 711 1187 χής
733 1104 802 1167 πᾶν
824 1101 861 1169 τδ
878 1107 1144 1192 περιστεροειδὲς
1158 1112 1211 1192 γέ-

63 1208 127 1270 τῶν
142 1199 358 1290 γενομένῶυὸ
373 1197 476 1291 άρρην
489 1203 626 1287 εμπτάει
655 1226 718 1279 νος,
734 1229 790 1268 και
779 1204 982 1288 γενομένων
994 1209 1060 1274 τῶν
1073 1212 1213 1276 νεοττῶν

63 1300 195 1386 αὐτοῖς,
230 1305 286 1372 ἵνα
318 1305 362 1393 μή
396 1310 626 1390 βασκανθῶσι.
654 1299 791 1394 δάρρην
807 1304 946 1389 ἐμπτύει
962 1301 1083 1390 αὐτοῖς,
1107 1306 1152 1386 ῶς
1166 1309 1211 1396 μή

62 1414 167 1474 τίκτει
190 1408 228 1473 δέ
250 1399 300 1493 ῴδι
317 1406 376 1473 δύο
390 1403 409 1495 5
425 1407 559 1494 θήλεια,
582 1401 628 1475 ῶν
652 1410 883 1488 βασκανθῶσι.
910 1415 1013 1476 τίκτει
1029 1410 1064 1476 δέ
1080 1405 1130 1496 ᾠὰ
1143 1411 1211 1494 δύο,

60 1509 97 1576 τδ
110 1510 172 1592 μὲν
183 1511 319 1596 πρῶτον
331 1505 428 1595 άρρεν
440 1509 627 1576 ποιεῑπάν-
654 1500 700 1573 ῶν
714 1505 752 1572 τδ
768 1507 828 1592 μὲν
843 1513 978 1597 πρῶτον
994 1506 1092 1598 άρρευ
1107 1527 1210 1593 ποιεῖ,

59 1635 136 1692 τως,
154 1608 194 1677 τὸ
219 1610 255 1676 δὲ
277 1610 427 1697 δεύτερον
447 1613 546 1699 θῆλυ.
575 1618 627 1678 τί·
652 1606 690 1673 τὸ
716 1608 751 1675 δὲ
774 1608 924 1698 δεύτερον
939 1613 1038 1697 θῆλυ.
1064 1619 1213 1681 τίκτουσι

58 1735 177 1778 κτουσι
206 1711 242 1778 δὲ
268 1713 302 1778 αἱ
325 1715 521 1801 περιστεραὶ
543 1711 626 1779 κατά
654 1709 689 1776 δὲ
711 1714 825 1777 πᾶσαν
845 1704 934 1799 ῶραυ
948 1717 1008 1779 τοῦ
1023 1713 1126 1793 έτοος.
1158 1715 1210 1784 διδ

59 1805 455 1900 πᾶσανῶραντοῦέτους·
469 1813 625 1882 ενθεντοι
654 1809 691 1896 55
725 1815 781 1878 καὶ
816 1813 944 1890 δεκάκις
971 1819 1030 1881 τοῦ
1061 1815 1211 1884 ἐνιαυτοῦ

58 1919 117 1982 καί
131 1914 262 1993 δεκάκις
276 1919 334 1983 τοῦ
350 1915 442 1995 ἐ’τους
457 1910 624 1985 ὠδίνουσι.
651 1913 860 1980 τιθέασιν·
846 1939 880 1982 εν
902 1915 1069 2004 Αἰγύπτῳ
1094 1918 1129 1984 δὲ
1145 1918 1210 1983 δω-

59 2017 159 2103 λόγος
188 2017 226 2082 δέ
254 2041 305 2094 τις
327 2023 493 2111 περίεισιν
498 2019 624 2141 Αἰγυ-
652 2009 964 2092 δεκάκιςιτεκσῦσα
993 2018 1054 2104 γὰρ
1077 2020 1117 2106 τῇ
1139 2019 1210 2103 550-

10 2119 25 2141 ²
58 2104 623 2244 mammam
649 2102 729 2203 μένη
733 2113 859 2237 ημέρηι
882 2119 1126 2205 συλλαμβάνει.
1161 2147 1210 2189 ετι

56 2199 277 2307 Αιγυπτῳέ
242 2246 261 2285 τ
277 2245 373 2288 κτειν.
391 2223 477 2307 λέγει
490 2222 525 2288 δὲ
537 2217 622 2310 Άρι-
650 2217 683 2283 ἓν
698 2222 746 2304 τῶ
762 2213 851 2305 αὕτη)
868 2222 969 2344 φησὶγ
988 2215 1210 2311 Ἀριστοτέλης

59 2323 220 2410 στοτέλης
251 2324 305 2388 καὶ
340 2321 566 2444 διάφορον
536 2331 622 2390 είναι
649 2311 703 2385 ὅτι
730 2318 910 2447 περιστερά
942 2319 1051 2409 ἕτερον
1074 2322 1210 2400 πελειάς

56 2428 119 2512 τής
141 2427 341 2511 περιστεράς
361 2423 420 2512 τήν
444 2425 620 2492 πελειάδα.
649 2413 706 2485 δ’”
688 2446 799 2506 ειερον
810 2448 865 2488 και
877 2415 929 2489 δτι
941 2448 960 2510 η
950 2418 1208 2500 πελειὰςέλατ·

57 2525 120 2614 τήν
147 2523 290 2613 μὲνγὰρ
313 2525 513 2614 περιστερὰν
536 2524 623 2594 εἶναι
647 2546 704 2589 τον
730 2527 783 2590 καί
808 2521 953 2591 τιθασὸν
974 2531 1100 2609 γίνεται
1108 2576 1132 2605 ,.
1146 2549 1208 2591 πε-

57 2627 205 2712 μείζονα,
228 2626 287 2716 τήν
309 2628 346 2695 δέ
360 2628 524 2696 πελειάδα
538 2635 621 2717 βρα-
648 2623 783 2712 ριστερδ
814 2626 926 2691 δὲκαὶ
948 2627 1051 2708 μέλαν
1072 2629 1128 2692 καλ
1150 2653 1206 2710 μι-

55 2733 207 2816 χυτέραν,
229 2732 286 2796 καλ
306 2728 365 2817 τήν
387 2730 447 2814 μέν
466 2753 620 2819 περιστε-
646 2723 724 2813 κρδν
736 2729 789 2793 καὶ
804 2725 1015 2815 ἐρυθρόπουν
1026 2728 1208 2812 καὶτραχά-
1253 2778 1254 2781 ,

59 2830 122 2918 ρὰν
143 2829 290 2898 τιθασὸν
311 2836 476 2918 γίνεσθαι,
502 2831 562 2921 τήν
584 2834 621 2900 δέ
647 2847 749 2894 πονε·
773 2827 824 2896 διὸ
843 2823 951 2906 οὐδεὶς
965 2834 1091 2918 τρέφει·
1121 2830 1208 2897 ἴδιον

60 2928 109 3000 05.
134 2934 221 3018 λέγει
243 2932 280 2998 δὲ
301 2927 319 2999 5
344 2927 444 3011 αὐτὸς
464 2932 509 3023 μή
533 2935 620 3022 πρό-
648 2929 683 2995 δέ
705 2931 792 3016 λέγει
809 2934 868 3019 τῆς
883 2934 1084 3019 περιστεράς
1098 2930 1135 2998 τὸ
1152 2958 1207 2997 κυ-
1248 3002 1251 3023 =.

57 3054 154 3117 τερον
172 3028 358 3114 ἐπιβαίνειν
372 3029 431 3097 τὸν
447 3026 567 3119 άρρενα
581 3033 620 3120 τῇ
647 3044 714 3097 νεῖν
730 3025 832 3111 αὐτὰς
847 3026 927 3100 ὅταν
945 3035 1110 3116 μέλλωσιν
1126 3027 1207 3098 άνα·
1252 3100 1254 3107 ,

57 3134 185 3221 θηλείᾳ
207 3134 288 3218 πρίν
310 3122 488 3220 ήφιλήσαι
503 3127 618 3222 αὐτήν·
645 3139 789 3218 βαίνειν,
820 3124 841 3221 5
865 3127 922 3200 οὐκ
945 3129 1125 3216 ἀνέχεσθαι
1146 3132 1207 3210 τὰς

56 3233 103 3322 μή
127 3232 191 3321 γὰρ
207 3226 387 3316 άνέχεσθαι
404 3232 465 3310 τὰς
478 3237 620 3323 θηλείας
645 3236 797 3323 θηλείας.
843 3231 860 3301 5
900 3235 934 3301 δὲ
971 3233 1203 3322 πρεσβύτερος,
1251 3226 1254 3239 ’

56 3334 118 3424 τήν
140 3338 207 3401 τῶν
231 3329 376 3422 άρρένων
403 3331 538 3418 ὁμιλίαν
560 3340 619 3403 τοῦ
646 3343 740 3425 φησί,
762 3339 817 3403 καὶ
833 3341 1076 3425 προαναβαίνει
1089 3332 1134 3422 μή
1149 3334 1205 3401 κύ-

56 3437 250 3528 φιλήματος
264 3435 393 3523 ἐ’ρημον.
410 3442 619 3527 προστίθησι
647 3456 724 3516 σας·
748 3438 780 3504 οἱ
804 3438 839 3505 δέ
862 3437 1017 3525 νεώτεροι
1040 3429 1091 3502 άεὶ
1108 3439 1205 3503 τοῦτο

55 3541 94 3607 δέ
116 3539 250 3615 τούτοις
271 3539 325 3603 καὶ
349 3530 507 3618 έκεῖυυ,’
489 3564 543 3604 οτι
564 3542 619 3606 καὶ
645 3538 846 3625 ποιήσαντες
874 3534 1053 3620 ὀχεύουσιν.
1086 3540 1142 3603 καὶ
1171 3565 1206 3605 αι

56 3670 93 3709 αι
82 3641 251 3729 θήλειαι
266 3633 409 3725 αλληλας
421 3634 618 3725 αναβαινσο
645 3640 783 3727 θήλειαι
815 3635 973 3726 ἀλλήλαις
1006 3632 1129 3723 άναβαί
1131 3663 1205 3705 νου-

54 3766 126 3824 σιν,
166 3733 249 3807 ὅταν
285 3742 343 3826 τῆς
378 3738 465 3822 πρὸς
498 3735 618 3826 άρρενα
646 3761 708 3820 σιν,
732 3731 812 3804 ὅταν
835 3736 936 3866 55555
958 3738 1002 3827 μή
1027 3743 1127 3827 παρή,
1150 3767 1205 3806 κυ-

51 3845 179 3931 μίξεως
210 3834 414 3926 άτυχήσωσι·
442 3843 498 3906 καὶ
524 3836 618 3908 οὐδὲν
646 3841 797 3928 νήσασαι.
819 3843 874 3906 καί
899 3833 993 3907 οιδέν
1008 3845 1206 3928 προιέμεναι

50 3949 113 4034 μέν
137 3945 173 4023 ές
197 3936 344 4028 ἀλλήλας
363 3947 545 4028 προίενται,
567 3949 618 4009 τί·
646 3942 694 4020 είς
717 3934 862 4030 ἀλλήλας
883 3949 1050 4009 τίκτουσιν
1073 3935 1141 4027 ᾠά,
1170 3940 1207 4020 ἐξ

967 4044 998 4096 2*
