2714 4500
84 246 124 302 De
139 245 262 304 fontibus
275 248 373 318 quibus
385 249 517 304 Aelianus
534 250 564 304 in
581 250 659 305 naria
670 249 784 305 historia
796 252 980 320 componenda
993 266 1059 308 usus
1074 255 1117 309 sit.
1154 254 1194 312 85

82 438 125 484 xm
145 439 186 486 ex
209 423 363 487 comitatu
384 423 590 505 Artaxerxis,
621 423 676 506 qui
699 428 731 488 et
752 423 859 489 aulam
882 425 1044 492 Persicam
1069 427 1197 509 penitus

82 523 236 606 rgnouerit
259 530 291 589 et
312 524 526 590 Artaxerxem
556 525 668 591 solitus
690 525 733 591 sit
754 526 879 591 sectari.
924 525 1017 592 Hunc
1045 546 1122 593 uero
1150 529 1196 592 in-

82 625 268 709 =llegendum
291 645 362 693 esse
384 646 448 692 non
462 625 632 710 Dinonem,
656 624 801 711 Philippi
814 626 1000 694 Macedonis
1018 629 1197 712 aequalem,

82 727 108 792 td
123 727 273 810 Ctesiam‚
297 729 352 810 qui
367 748 425 812 per
440 729 659 812 septendecim
680 749 779 795 annos
801 730 887 796 illius
909 730 995 812 regis
1017 729 1077 794 fuit
1098 729 1196 796 medi·

82 849 106 895 rs
130 836 162 894 et
185 849 267 912 quae
290 830 377 914 apud
406 849 479 895 eum
507 836 648 897 moratus
677 829 717 896 de
746 832 841 898 rebus
863 832 1001 898 Persicis
1024 837 1056 896 et
1076 831 1197 899 Indicis

82 937 249 1016 mpererat
270 932 384 998 litteris
412 931 593 1016 mandauit,
623 939 769 1016 apertum
796 939 853 1000 est
894 932 966 1011 Qua
987 933 1028 999 de
1052 953 1149 1001 causa
1170 937 1198 1002 si

82 1035 119 1100 ris
135 1033 263 1100 Ctesias
285 1034 438 1116 reliquias
460 1040 533 1118 post
555 1033 590 1100 0.
606 1035 794 1101 Muellerum
818 1036 922 1101 denuo
945 1055 1115 1119 aggressus
1138 1038 1198 1103 erit

83 1136 211 1220 lligere‚
234 1136 307 1201 illas
323 1155 380 1202 sex
402 1155 459 1220 per
473 1135 644 1201 Aelianum
666 1143 809 1204 seruatas
831 1157 895 1203 non
917 1138 1035 1222 poterit
1057 1145 1197 1222 praeter·

82 1240 185 1303 [ltere.

131 1339 203 1404 Iam
218 1358 295 1405 uero
310 1338 490 1423 Pamphila,
514 1339 664 1422 quoniam
680 1341 836 1425 epitomas
852 1360 923 1406 cum
944 1340 1079 1405 aliorum
1100 1341 1197 1426 scrip·

82 1461 151 1507 ‚um
175 1441 446 1524 quamplurimas
472 1446 538 1506 tum
560 1440 686 1507 Ctesias
716 1448 796 1508 teste
819 1441 921 1508 Suida
949 1440 1091 1526 scripsit,
1121 1444 1198 1526 quin

82 1565 119 1608 m
143 1543 251 1627 ipsum
274 1542 434 1608 etiamad
456 1541 700 1609 commentarios
723 1563 796 1610 suos
822 1544 990 1610 historicos
1018 1541 1198 1608 admouerit

82 1645 126 1711 hi
150 1645 284 1709 dubium
306 1664 462 1710 essenon
485 1643 618 1709 uidetur.
663 1644 742 1733 Utut
770 1651 833 1729 est,
862 1665 957 1711 nemo
986 1633 1048 1711 hac
1075 1651 1198 1710 remota

82 1742 401 1832 εομνημονευμάτων
429 1751 539 1812 auctor
567 1744 694 1811 Ctesiae
727 1744 867 1815 historiis
898 1767 1029 1832 operam
1061 1767 1197 1813 nauasse

82 1849 194 1916 editur.

132 1950 209 2015 Alia
232 1949 391 2032 quaedam
412 1948 541 2013 Aeliani
571 1969 643 2014 cum
664 1949 837 2035 Pamphila
864 1949 1002 2017 affinitas
1025 1953 1058 2016 in
1080 1971 1119 2017 eo
1141 1972 1197 2036 pc-

82 2074 108 2118 a
133 2057 192 2135 est,
215 2051 301 2133 qucd
323 2057 457 2134 uterque
473 2070 544 2116 cum
559 2051 709 2136 Aegypto
725 2051 884 2118 cohaeret.
921 2054 1021 2119 Terra
1034 2055 1199 2138 Aegyptia

82 2152 272 2219 laesticnum
287 2152 479 2218 naturalium
496 2153 731 2234 quodammodo
747 2155 806 2218 fuit
820 2155 934 2237 patria.
962 2154 1093 2220 Scilicet
1108 2160 1197 2239 pate-

82 2257 125 2322 rit
148 2255 236 2320 Mare
259 2254 400 2319 Rubrum
421 2254 543 2319 aditum
564 2253 789 2319 miraculorum
811 2254 933 2337 Indiae,
956 2255 1050 2320 Nilus
1065 2255 1196 2322 Aethio-

82 2377 137 2440 ue,
169 2357 256 2421 illius
278 2354 522 2440 elephantorum
544 2354 779 2421 rhinocerotum
808 2356 937 2422 leonum
959 2347 1070 2422 aridae
1099 2358 1197 2423 nutri·

82 2482 101 2526 r.
134 2459 248 2524 Altera
263 2464 370 2522 autem
385 2458 487 2523 fronte
503 2455 546 2522 ad
561 2463 661 2522 terras
672 2458 753 2522 Mari
764 2457 997 2524 Mediterraneo
1013 2458 1196 2525 adiacentes

85 2566 198 2626 ectans
213 2578 254 2623 ne
270 2579 290 2623 a
305 2558 436 2639 Graecis
460 2559 591 2642 quidem
612 2579 718 2624 rerum
740 2559 934 2625 mirabilium
957 2559 1071 2625 studiis
1093 2561 1198 2643 potuit

82 2683 119 2729 se
142 2662 258 2726 aliena.
303 2660 372 2724 Iam
398 2662 432 2725 in
458 2660 520 2728 hcc
546 2663 642 2727 trium
670 2662 899 2736 continentium
927 2662 1018 2744 quasi
1049 2649 1195 2746 confinio,

82 2763 237 2829 aesertim
260 2783 331 2827 cum
353 2763 508 2848 Aegyptii
534 2763 756 2830 obseruatione
778 2770 909 2828 naturae
932 2763 1107 2846 antiquitus
1129 2765 1195 2847 agi-

82 2866 106 2930 ti
129 2863 208 2929 deos
229 2865 317 2947 ipsos
337 2866 530 2932 animalibus
544 2867 617 2950 plus
635 2865 740 2930 minus
755 2864 1041 2949 accommodarent,
1065 2885 1196 2932 necesse

82 2968 122 3049 it,
153 2973 188 3030 ut
210 2967 413 3047 quaestiones
435 2966 590 3051 physicae
613 2965 656 3032 ad
677 2986 833 3032 summum
855 2967 1018 3050 fastigium
1039 2967 1196 3052 prouehe-

84 3074 165 3133 ntur.
200 3067 398 3133 Exstiterunt
418 3069 515 3153 igitur
529 3059 746 3133 Alexandriae
762 3067 978 3134 Callimachus
988 3070 1019 3152 ¹),
1044 3068 1150 3134 Strato
1161 3071 1195 3153 ²),
1311 3097 1313 3101 ·

82 3167 363 3252 hilostephanusi),
384 3170 564 3253 Antigonus
584 3169 794 3252 Carystius,
816 3169 1049 3254 Aristophanes
1071 3170 1195 3253 Byzan·

82 3292 111 3337 rs
120 3275 161 3354 ⁵),
191 3276 323 3336 naturae
352 3270 529 3338 doctissimi
558 3271 812 3354 inuestigatores.
863 3269 1128 3354 Suffragabantur
1156 3271 1196 3337 iis

82 3373 226 3439 tolemaei
255 3391 348 3455 reges
377 3373 492 3438 eodem
522 3373 683 3456 propensi.
734 3369 819 3448 Quid
848 3372 934 3455 quod
962 3370 1196 3457 Philadelphus

82 3475 242 3542 tolemaim
269 3473 509 3558 Epitherumil,
539 3475 713 3557 Euergetes
740 3472 917 3539 Berenicen
943 3472 1196 3556 Panchrysumq

137 3709 162 3771 1)
179 3705 288 3774 Pauly’s
301 3706 427 3762 Realenc.
441 3709 469 3761 Π
486 3722 514 3776 p.
526 3711 566 3762 88.
643 3711 669 3773 2)
686 3706 753 3761 Ibid.
767 3706 839 3771 VI‚2
856 3722 882 3774 p.
895 3710 968 3761 1458.
1045 3710 1071 3772 3)
1089 3707 1157 3762 Ibid.
1172 3709 1196 3763 V

90 3795 165 3847 1530.
237 3795 262 3856 4)
279 3790 346 3844 Ibid.
360 3791 406 3855 Ι,1
425 3808 452 3861 p.
465 3796 564 3858 1116s;
588 3791 707 3859 fragmm.
727 3796 833 3846 exstant
849 3792 877 3844 in
891 3792 1090 3846 Westermanni
1108 3813 1195 3862 παρα-

82 3872 232 3948 ξογράφοιε.
302 3880 326 3940 5)
350 3876 482 3940 Ibid.I‚2
500 3880 613 3945 p.1632.
689 3881 714 3941 6)
738 3876 1004 3944 Ibid.VI‚1p.198.
1078 3881 1104 3941 7)
1125 3876 1194 3930 Ibid.

87 3967 146 4016 207.
