2714 4500
139 223 306 279 Dolontibus
325 224 420 293 quibus
433 224 561 281 Aelianus
579 226 608 282 in
626 227 703 281 naria
720 227 833 282 historia
851 230 1037 297 componenda
1053 247 1119 287 usus
1132 232 1175 287 sit.
1212 233 1251 291 55

104 398 204 479 teles,
236 397 294 462 der
316 396 406 462 Sohn
435 396 493 464 des
514 398 744 482 Nikomachus,
767 400 824 466 der
847 400 980 484 Stagirit
1001 423 1058 468 aus
1082 402 1139 468 der
1161 402 1254 473 Stadt

105 500 227 565 Melite.
258 499 346 565 Aber
362 520 396 565 es
411 499 468 565 hat
482 500 563 568 auch
576 501 658 585 Pap
668 499 835 569 haranus
851 523 915 569 von
931 503 1042 569 diesen
1052 504 1252 588 gesprochen

105 603 156 666 im
183 606 211 665 4.
237 599 346 667 Buch
369 602 507 668 seiner
529 601 855 670 verschiedenen
876 602 1160 689 geistreiohen
1181 605 1252 670 Er·

103 693 396 785 nahlungen'h.
433 703 639 770 Addiscimus
661 723 738 770 uero
761 705 802 771 de
825 706 1049 774 educatoribus
1065 713 1251 791 praecepto·

104 806 259 888 ribusque
274 804 453 871 Alexandri
474 806 508 870 in
531 811 675 889 quarto
697 807 806 873 libro
830 809 1011 893 expositum
1032 809 1140 891 fuisse,
1164 815 1196 874 et
1217 809 1252 874 id

103 907 249 990 quidem,
272 910 307 970 ut
328 906 464 989 uidetur,
487 907 547 973 sub
569 927 648 973 uoce
663 905 820 973 Παιδεία.
865 911 932 975 Iam
956 911 984 977 si
1006 913 1033 976 is
1056 912 1111 994 qui
1125 910 1251 977 fabulas

102 1029 191 1091 quae
206 1007 412 1074 Callisthenis
435 1001 577 1074 feruntur
600 1011 778 1091 composuit
799 1011 922 1078 litteras
937 1012 1046 1079 XXIV
1062 1012 1250 1096 omnigenae

104 1110 261 1177 historiae
290 1108 432 1176 habebat
453 1112 486 1175 in
509 1130 567 1176 sex
589 1107 685 1195 τεύχη
709 1118 933 1193 quaternarum
954 1113 1107 1196 deinceps
1129 1114 1250 1180 littera-

103 1232 177 1277 rum
200 1211 331 1294 diuisas,
356 1212 445 1277 aliud
467 1212 619 1300 indicium
635 1212 854 1296 dispositionis
869 1212 1093 1298 alphabeticae
1107 1215 1249 1299 accedit;

103 1316 134 1380 si
159 1313 289 1396 quidem
312 1318 362 1391 H,
392 1335 412 1379 a
434 1334 497 1397 quo
519 1335 584 1380 uox
606 1312 754 1378 Herodoto
776 1314 919 1397 ducitur,
943 1335 1052 1380 earum
1073 1316 1250 1382 litterarum

103 1422 157 1482 est
185 1434 268 1498 quae
296 1417 328 1480 in
360 1417 441 1482 serie
473 1415 679 1501 alphabetico
706 1417 740 1480 in
769 1436 827 1482 sex
856 1421 964 1500 partes
991 1435 1086 1500 pares
1112 1417 1251 1484 dissecta

101 1524 289 1600 quartam
312 1516 422 1582 sedem
445 1519 596 1584 obtinent.
627 1515 762 1584 Accedit
784 1518 870 1600 quod
892 1516 1074 1602 Stephanus
1097 1538 1121 1583 s.
1137 1536 1167 1583 u.
1188 1525 1250 1582 Τε-

99 1616 269 1700 τράπολις
294 1639 346 1685 res
367 1619 528 1686 Atticas
550 1620 710 1686 disserens
732 1621 902 1703 primum
923 1620 1039 1684 librum
1061 1621 1250 1703 omnigenae

103 1720 259 1786 historiae
282 1721 402 1786 laudat.

193 1821 282 1900 Quae
298 1824 325 1888 si
341 1842 417 1888 uere
433 1823 595 1907 disputata
610 1827 691 1904 sunt,
714 1820 838 1886 litteras
854 1826 1020 1902 στοιχείοις
1035 1823 1129 1891 huius
1141 1828 1249 1910 operis

101 1925 180 1990 aliis
201 1926 399 2009 temporibus
421 1926 454 1989 in
476 1924 541 1990 alia
562 1924 725 1989 uolumina
740 1923 882 2005 digestas
897 1925 996 1991 fuisse
1012 1928 1163 2012 sequitur,
1187 1929 1207 1993 i.
1221 1949 1248 1996 e.

103 2027 286 2108 Diogenem
308 2026 351 2091 ad
372 2047 502 2092 manum
523 2025 675 2092 habuisse
689 2026 755 2091 XII
775 2022 870 2112 τεύχη
892 2027 1039 2093 binarum
1062 2030 1249 2112 litterarum,

103 2127 456 2195 Pseudooallisthenem
470 2128 515 2193 VI
537 2134 769 2211 quaternarum.
804 2126 894 2205 Quae
917 2124 988 2194 cum
1009 2131 1056 2196 ita
1076 2132 1149 2215 sint,
1173 2133 1251 2198 satis

101 2236 155 2296 est
177 2250 232 2296 eur
253 2237 418 2296 teneamus
434 2230 468 2295 id
484 2230 570 2313 quod
584 2231 719 2296 Mueller
740 2234 840 2314 putat,
868 2232 1070 2314 omnigenam
1083 2231 1250 2299 historiam

101 2333 204 2397 fuisse
234 2332 345 2398 ordine
377 2332 554 2396 litterarum
587 2332 785 2415 dispositam.
836 2327 1003 2398 Accedunt
1030 2332 1127 2399 haec:
1162 2335 1249 2416 quod

100 2441 138 2500 et
161 2434 378 2500 commentarii
401 2439 433 2498 et
454 2435 625 2517 omnigena
647 2433 781 2500 historia
803 2454 919 2516 magna
941 2440 1096 2518 exparte
1118 2434 1160 2500 ad
1179 2455 1248 2501 eas·

101 2536 182 2600 dem
202 2555 253 2601 res
274 2535 485 2618 pertinebant,
510 2554 572 2617 quo
596 2536 699 2618 magis
721 2541 909 2619 argumento
932 2537 1015 2600 inter
1036 2555 1071 2602 se
1092 2556 1248 2602 conuene-

101 2643 188 2718 runt,
214 2657 251 2703 eo
275 2637 473 2703 manifestius
495 2637 598 2702 forma
620 2637 701 2702 inter
723 2657 758 2703 se
782 2636 1014 2720 discrepuerint
1035 2656 1166 2704 necesse
1190 2644 1247 2704 est.

102 2740 190 2804 Nam
216 2740 410 2805 Fauorinum
438 2739 574 2804 eandem
602 2757 670 2803 rem
699 2738 814 2804 eodem
842 2738 972 2821 quidem
1002 2738 1098 2804 modo
1124 2739 1249 2806 duobus

103 2843 197 2907 libris
224 2846 427 2925 prosecutum
457 2859 527 2906 esse
550 2842 622 2922 quis
645 2842 770 2923 estqui
794 2840 927 2907 credat?
961 2839 1084 2918 Quodsi
1105 2841 1179 2907 illos
1200 2842 1248 2906 in·
1298 2834 1299 2837 '

104 2943 231 3026 digesta
254 2943 488 3009 consarcinatos
503 2942 601 3007 fuisse
617 2948 748 3023 constat,
772 2944 800 3008 si
815 2941 898 3008 hanc
913 2941 956 3007 ad
971 2949 1090 3008 certam
1104 2943 1249 3025 regulam

104 3047 336 3110 elementorum
350 3044 623 3110 accommodatam
638 3044 736 3109 fuisse
752 3045 915 3126 sumimus,
933 3063 1029 3126 quam
1043 3044 1178 3109 formam
1193 3064 1247 3110 ex-

103 3148 247 3229 cogitare
269 3165 437 3229 possumus
459 3146 500 3210 ab
523 3146 649 3210 illorum
672 3144 782 3210 indole
804 3148 907 3228 magis
930 3145 1113 3211 diuersam?
1150 3145 1249 3210 Deni-

103 3268 168 3331 que
198 3249 378 3331 argnmenti
406 3247 601 3330 aequalitas,
632 3267 728 3329 quam
757 3246 930 3313 Nietnsche
958 3248 1029 3330 ipse
1057 3243 1248 3330 omnigenae

103 3351 259 3417 historiae
280 3350 443 3433 propriam
463 3349 561 3414 fuisse
584 3351 653 3414 iure
674 3354 796 3431 monet,
827 3355 858 3414 et
879 3365 962 3431 quae
985 3348 1141 3431 imprimis
1163 3348 1247 3433 frag·

102 3458 212 3518 mento
242 3471 284 3517 ex
306 3452 434 3516 Valerio
463 3451 625 3534 adscripto
655 3456 729 3515 ante
760 3451 868 3516 oculos
891 3456 1049 3531 uersatur,
1076 3469 1181 3515 nonne
1203 3450 1247 3516 ad

101 3553 252 3620 Muelleri
273 3553 462 3618 sententiam
485 3553 604 3636 optime
628 3552 787 3633 quadrat?

188 3654 258 3719 Iam
281 3674 357 3720 uero
380 3655 407 3719 si
429 3652 492 3718 hoo
514 3653 708 3736 conceditur,
732 3652 872 3720 concidit
887 3651 1071 3717 Nietnschei
1093 3654 1244 3739 suspicio,

99 3778 168 3840 qua
197 3755 288 3820 illam
315 3756 543 3837 aequalitatem
571 3755 797 3838 explicandam
825 3774 896 3820 esse
920 3754 1099 3820 constantia
1121 3762 1153 3822 et
1174 3770 1247 3841 pera

100 3937 102 3940 >
189 3980 212 4039 1)
233 3972 272 4029 cf.
292 3987 351 4040 cap.
364 3970 398 4023 X.
