2714 4500
128 266 171 320 Dc
187 265 309 321 tontibus
327 264 424 334 quibus
437 264 566 322 Aelianus
584 265 612 320 in
624 265 702 320 uaria
713 265 828 321 historia
841 267 1025 337 componenda
1036 284 1101 324 usus
1113 269 1156 326 sit.
1186 270 1247 330 135

154 434 319 498 1911111
618 487 620 491 ,
690 435 838 490 1119111
856 452 879 491 c.
891 441 923 490 ro
941 453 968 505 p.
980 438 1114 494 essu-o.

154 519 319 573 h.a.lII.35
689 519 1061 592 Athen.lXc.43p.390e.
1132 597 1135 603 ἡ

154 603 180 656 h.
192 619 216 657 a.
227 603 259 659 X.
271 607 302 658 35
689 605 788 659 Athen.
799 605 838 659 IX
850 622 883 674 .p.
893 609 974 661 3909.

154 689 180 741 h.
192 704 216 741 a.
227 687 286 749 XV,
297 691 344 753 28,
689 688 839 744 Athenlll
856 706 879 744 c.
891 695 923 745 45
940 707 967 759 p.
978 693 1025 745 391
1035 691 1112 745 9-(1.

154 773 328 838 aarum
688 774 969 843 Athearrrpaoae.

154 858 180 911 h.
192 873 216 910 a.
227 857 313 926 XVII,
324 863 356 912 24
374 858 419 925 (cl.
439 865 466 913 et
480 876 507 913 u.
518 857 544 911 h.
556 860 576 921 Ι,
589 863 628 921 11)
688 858 787 914 Athen.
797 858 836 912 IX
855 875 878 914 c.
890 864 922 914 19
940 877 966 929 p.
978 862 1026 914 393
1033 859 1102 914 c-l.

154 941 181 994 h.
192 957 216 995 a.
228 942 274 1010 IV,
285 947 299 995 2
318 942 363 1009 (cf.
382 948 409 997 et
426 959 452 997 u.
464 943 490 997 h.
501 945 521 1008 l,
535 949 574 1004 15)
688 944 787 998 Athen.
798 944 838 997 IX
856 960 879 998 c.
890 949 922 999 50
940 961 967 1013 p.
978 947 1050 1008 3949
1060 974 1092 983 -
1102 948 1151 999 395
1159 960 1184 1000 a.

154 1027 181 1081 h.
192 1041 216 1080 a.
227 1027 299 1092 XVI,
310 1031 341 1080 23
689 1028 787 1083 Athen.
798 1028 851 1082 XII
869 1045 892 1084 c.
905 1034 937 1084 19
954 1047 980 1099 p.
992 1027 1096 1083 529911.

194 1132 262 1197 Iam
293 1134 320 1199 si
348 1134 497 1217 apparuit
529 1132 695 1199 historiam
723 1135 908 1200 animalium
940 1134 1074 1200 fontium
1107 1134 1246 1218 quadam

104 1234 329 1300 communitate
350 1255 413 1300 non
439 1234 535 1301 modo
558 1256 629 1301 cum
651 1236 741 1300 uaria
762 1233 946 1319 historiab,
975 1235 1152 1302 sedetiam
1174 1255 1246 1329 cum

103 1333 269 1402 Athenaeo
292 1338 491 1403 coniunctam
515 1357 600 1420 esse,
632 1338 781 1420 quoniam
808 1345 841 1404 et
863 1336 1064 1404 Athenaeum
1086 1343 1118 1404 et
1138 1336 1246 1404 Aelia-

102 1456 179 1502 num
207 1438 319 1503 uaria
349 1440 538 1505 scribentem
569 1440 674 1504 lexico
701 1439 870 1521 Fauorini,
903 1444 1000 1522 atque
1027 1438 1062 1505 id
1090 1440 1186 1504 etiam
1212 1440 1246 1504 in

102 1539 260 1605 lemmatis
281 1540 323 1606 de
344 1540 455 1608 bestiis
472 1539 699 1626 componendis
720 1561 795 1608 usos
818 1560 888 1608 esse
911 1542 1044 1624 scimus;
1068 1527 1183 1606 librum
1204 1541 1245 1608 de

102 1743 305 1808 referendum
327 1763 398 1809 esse
420 1744 570 1826 sequitur.
616 1743 766 1826 Accedit,
796 1743 882 1826 quod
904 1743 1033 1808 Helices
1056 1743 1168 1828 oppidi
1191 1744 1245 1809 de-

101 1845 229 1929 mersio,
253 1864 348 1927 quam
369 1846 546 1910 Fauorinus
569 1844 656 1930 apud
678 1843 851 1910 Stobaeum
873 1842 940 1909 fior.
957 1843 1021 1928 OV,
1037 1847 1077 1908 62
1100 1844 1247 1929 deplorat

101 1951 135 2010 et
157 1966 252 2028 quam
275 1948 367 2012 simul
389 1967 460 2013 cum
482 1952 582 2012 morte
605 1945 739 2011 Pollidis
761 1944 1009 2012 Lacedaemonii
1033 1946 1066 2011 in
1088 1966 1246 2013 commen·

101 2049 192 2114 tariis
216 2050 376 2116 enarrauit
397 2049 448 2126 (cf.
472 2049 524 2112 Di.
540 2048 596 2113 La.
611 2048 669 2130 Ill,
686 2047 756 2132 29),
784 2054 976 2114 memoratur
998 2048 1094 2114 etiam
1116 2049 1150 2113 in
1171 2047 1244 2117 hist.

103 2170 153 2214 an.
176 2150 233 2234 Xl,
251 2153 305 2234 19,
333 2151 389 2217 ubi
418 2158 449 2216 et
470 2149 719 2216 Lacedaemonii
747 2169 819 2214 cum
841 2149 953 2215 Helice
982 2150 1060 2215 urhe
1088 2149 1245 2218 occidisse

103 2252 258 2318 dicuntur.

187 2353 376 2438 Philosophi
392 2352 549 2419 Platonici
564 2352 735 2434 uestigium
751 2352 907 2436 reperitur
925 2352 958 2415 in
980 2350 1009 2415 h.
1026 2372 1055 2417 a.
1072 2351 1132 2415 XV
1154 2371 1180 2418 c.
1193 2355 1244 2436 29,

103 2457 158 2522 ubi
180 2457 297 2522 locutio
321 2447 398 2520 οὐδὲ
419 2453 514 2538 ἰ’κταρ
536 2445 671 2534 βάλλειν
695 2455 740 2519 119
762 2458 914 2536 usurpata
937 2458 1000 2535 est,
1030 2458 1065 2518 ut
1087 2453 1245 2536 significet

99 2550 155 2622 ‘ad
185 2557 426 2624 similitudinem
456 2557 591 2623 alicuius
624 2557 670 2622 rei
699 2577 800 2641 prope
830 2576 892 2621 non
921 2544 1102 2621 accedere'.
1153 2554 1244 2633 Quae

102 2667 268 2740 praeterea
283 2659 370 2744 apud
384 2661 486 2726 solum
501 2659 666 2724 Platonem
683 2658 716 2723 in
731 2658 852 2743 republ.
865 2659 913 2722 IX
935 2677 966 2741 p.
980 2656 1075 2723 5750
1098 2660 1243 2723 occurrit.

656 2832 684 2891 2.

185 2946 291 3012 Audio
321 2967 362 3012 ex
389 2947 499 3011 libello
528 2966 621 3029 quem
650 2945 684 3011 C.
708 2945 745 3010 G.
768 2944 885 3011 Kuehn
911 2939 1043 3011 ‘deuia
1068 2945 1243 3012 etratione

99 3068 165 3130 qua
180 3048 333 3116 Claudius
347 3048 501 3114 Aelianus
517 3050 550 3113 in
566 3046 699 3113 historia
713 3047 898 3112 animalium
917 3045 1156 3113 conscribenda·
1168 3067 1243 3115 usus

99 3141 163 3215 est'
186 3151 315 3234 Lipsiae
334 3154 413 3214 1777
437 3150 543 3215 emisit
563 3149 588 3213 I.
605 3149 643 3215 G.
660 3147 889 3214 Schneiderum
919 3148 952 3212 in
979 3148 1113 3231 periculi
1140 3149 1244 3215 critici

101 3273 132 3334 p.
148 3253 207 3314 128
230 3251 396 3317 Perizonio
420 3257 452 3317 91
467 3251 596 3316 Valesio
612 3252 790 3331 ceterisque
814 3250 867 3332 qui
892 3249 932 3315 de
954 3249 1022 3315 uita
1036 3250 1165 3316 Aeliani
1187 3269 1242 3316 ex·

101 3353 282 3434 posuissent
304 3353 427 3418 crimini
451 3351 587 3434 dedisse,
611 3351 697 3434 quod
719 3371 781 3416 non
804 3350 961 3418 uidissent
979 3344 1112 3419 ‘certam
1127 3352 1243 3418 aetatis

100 3452 275 3519 Aelianeae
290 3459 398 3519 notam
418 3453 493 3518 inde
514 3453 582 3535 peti
604 3472 709 3536 posse,
733 3454 829 3518 immo
845 3452 974 3536 dehere,
997 3452 1088 3536 quod.
1098 3451 1243 3538 sophista

101 3555 157 3619 ille
185 3556 286 3620 multa
313 3575 355 3620 ex
377 3553 517 3639 Oppiani
545 3559 661 3638 poetae
688 3553 778 3619 libris
806 3554 839 3618 in
866 3572 955 3619 suam
981 3553 1023 3620 de
1051 3554 1242 3621 animalibus

101 3655 267 3722 historiam
282 3647 502 3722 transtulerit’.
540 3656 643 3721 Doleo
659 3653 745 3736 quod
760 3655 895 3738 periculi
910 3655 1012 3721 critici
1033 3654 1140 3722 aditus
1162 3655 1242 3721 mihi

101 3778 164 3823 non
187 3765 243 3824 est.
287 3759 404 3823 Verum
425 3764 532 3822 tamen
553 3756 628 3822 noui
658 3754 740 3820 hanc
762 3755 966 3839 sententiam,
997 3777 1092 3839 quam
1119 3759 1241 3841 primus

100 3860 173 3923 tulit
189 3859 318 3942 Gesner,
341 3860 533 3943 propagauit
551 3858 674 3938 Iacobs,
697 3876 738 3922 ex
753 3854 881 3919 Aeliani
904 3855 977 3922 hist.
993 3877 1042 3923 an.
1059 3859 1146 3942 Lips.
1160 3862 1242 3923 1784

189 4018 211 4078 lt
231 4012 270 4067 ef.
289 4028 315 4081 p.
326 4011 358 4062 28
368 4023 408 4078 sq.

1281 1512 1308 1569 sl

103 1646 216 1707 natura
237 1642 422 1707 animalium
449 1648 481 1708 et
502 1643 606 1727 ipsum
634 1643 677 1707 ad
706 1643 907 1726 omnigenam
937 1640 1102 1708 historiam
1128 1644 1245 1726 partim
1314 1646 1316 1655 '
