2714 4500
89 265 131 320 De
151 265 282 321 fontibus
295 263 393 333 quibus
405 262 537 319 Aelianus
553 262 582 317 iu
599 262 677 316 uaria
688 245 803 317 hletoria
815 260 999 330 componenda
1011 276 1076 316 usur
1090 262 1132 316 slt.
1170 262 1208 319 61

56 439 89 503 V.
106 437 139 502 lr.
159 437 258 521 XIII,
275 442 330 502 27:
551 434 644 502 Noot.
661 434 725 499 Art.
741 434 782 517 Il,
801 438 835 498 1:
857 433 944 498 Inter
957 433 1084 500 labores
1099 435 1210 500 uolun-

553 539 651 604 tarios
681 543 713 603 et
741 536 896 601 exercitia
921 535 1063 618 corporis
1084 535 1127 600 ad
1149 535 1210 602 for-

553 639 649 704 tuitas
682 637 857 721 pollentiae
885 637 973 702 uices
1000 635 1148 702 firmandi
1177 637 1212 702 id

554 759 680 822 quoque
696 740 894 823 'accepimus
922 737 1076 804 Socraten
1105 738 1212 806 facere

553 842 743 907 insueuisse:
767 840 860 907 Stare
874 843 986 908 solitus
1002 840 1149 908 Socrates
1164 842 1211 907 di-

553 944 635 1008 citur
662 945 819 1027 pertinaci
846 948 929 1009 statu
958 943 1089 1027 perdius
1116 948 1213 1027 atque

552 1064 676 1128 pernox
698 1065 720 1110 a
734 1064 856 1110 summo
872 1045 953 1110 lucis
969 1053 1038 1111 ortu
1054 1044 1097 1111 ad
1111 1047 1213 1113 solem

553 1148 688 1212 alterum
707 1148 871 1229 orientem,
895 1147 1132 1232 inconueniens,
1155 1149 1212 1213 im·

553 1248 698 1332 mobilis,
727 1248 829 1314 isdem
859 1250 893 1313 in
915 1250 1060 1332 uestigiis
1083 1257 1131 1332 et,
1158 1271 1214 1317 ore

553 1357 650 1433 atque
678 1352 780 1418 oculis
808 1351 944 1417 eundem
972 1351 1138 1418 inlocum
1166 1352 1213 1418 di-

553 1453 657 1535 rectis,
682 1453 924 1537 cogitabundus,
950 1458 1115 1537 tamquam
1137 1472 1214 1536 quo·

553 1554 629 1619 dam
643 1573 772 1622 secessu
783 1556 898 1622 mentis
910 1561 1005 1637 atque
1018 1556 1118 1620 anirni
1129 1556 1214 1622 facto

553 1676 574 1721 a
596 1677 738 1741 corpore.
776 1655 880 1734 Quam
902 1677 969 1723 rem
993 1678 1064 1723 cum
1086 1658 1214 1724 Fauo-

553 1759 682 1843 rinus,
714 1759 755 1825 de
784 1760 970 1826 fortitudine
1001 1761 1068 1826 eius
1096 1761 1159 1826 uiri
1181 1765 1216 1825 ut

553 1861 707 1944 pleraque
729 1861 900 1944 disserens,
923 1863 1096 1947 attigisset:
1116 1855 1216 1927 ‘not-

555 1959 655 2038 λάκις
669 1965 805 2046 Inquit
812 2015 820 2046 ,
844 1960 880 2040 ἐξ
892 1958 988 2050 ἡλίου
1006 1962 1055 2039 εἰς
1066 1956 1159 2051 ἥλιον
1172 1964 1216 2029 εἱ-

555 2061 667 2150 στήκει
680 2056 941 2151 ἆστραβέστερος
951 2068 1018 2130 τῶν
1033 2059 1215 2152 πρέμνων).

74 2168 143 2240 Ότι
162 2171 202 2240 τὸ
221 2170 415 2258 Σωκράτους
432 2172 528 2252 σῶμα
555 2166 782 2249 Temperantia
794 2187 920 2250 quoque
932 2169 1031 2235 fuisse
1043 2189 1116 2234 eum
1126 2174 1217 2235 tanta

63 2272 295 2340 ἐπεπίστευτο
312 2272 451 2357 κόσμιον
472 2272 528 2336 καὶ
555 2267 706 2332 traditum
719 2273 777 2352 est,
792 2276 828 2333 ut
839 2271 1023 2336 omniafere
1039 2270 1125 2335 uitae
1138 2290 1216 2336 suae

64 2374 291 2464 σωφροσύνης
313 2373 464 2460 ἐγκρατὲς
478 2395 528 2458 γε·
555 2375 701 2453 tempora
722 2370 900 2436 ualitudine
915 2371 1073 2437 inoffensa
1087 2372 1216 2436 uixerit.

64 2481 202 2562 γονέναι
229 2479 284 2542 καὶ
307 2474 419 2562 ταύτῃ.
458 2471 529 2540 ἑνό-
555 2471 593 2535 In
614 2472 701 2536 illius
724 2472 821 2536 etiam
835 2473 1038 2557 pestilentiae
1056 2475 1217 2558 castitate,

67 2602 150 2644 σοον
163 2573 529 2667 Ἀθηναῖοιπονόημεί,
557 2593 639 2655 quae
667 2574 702 2637 in
730 2573 807 2638 belli
837 2575 1102 2658 Peloponnesiaci
1131 2577 1217 2660 prin-

65 2682 127 2746 καὶ
156 2680 191 2747 οἱ
219 2679 280 2762 μὲν
305 2672 529 2765 ἀπέθνησκον,
557 2676 641 2757 cipio
663 2674 909 2742 Atheniensium
938 2678 1100 2745 ciuitatem
1122 2680 1218 2744 inter·

70 2781 104 2846 οἱ
121 2781 157 2846 δὲ
173 2779 406 2856 burdonarios
427 2775 529 2860 εἶχον·
556 2780 670 2844 neoino
693 2798 810 2861 genere
830 2780 934 2845 morbi
949 2779 1145 2866 depopulata
1161 2786 1218 2864 est,
1275 2830 1276 2834 ,

68 2882 250 2970 Σωκράτης
280 2881 315 2947 δὲ
343 2879 445 2964 μόνος
474 2872 531 2945 οὐκ
558 2881 584 2946 ἰε
607 2881 761 2964 parcendi
775 2881 1027 2966 moderandique
1042 2883 1219 2950 rationibus

70 2981 211 3071 ἐνόσησε
224 2981 285 3070 τὴν
297 2975 406 3070 ἀρχήν.
429 2975 531 3046 drot·
557 2981 674 3048 dicitur
697 2988 728 3048 et
749 3005 770 3050 a
792 2984 991 3067 uoluptatum
1005 2986 1079 3052 labe
1095 2986 1220 3051 cauisse

70 3110 128 3150 νυν
158 3083 300 3170 τοιούτῳ
329 3079 436 3149 συνών
465 3080 531 3146 σώ-
559 3091 591 3150 et
606 3085 810 3152 salubritates
825 3088 967 3169 corporis
982 3087 1161 3169 retinuisse,
1184 3092 1219 3150 ut

69 3211 154 3270 ματι
181 3191 257 3251 τίνα
278 3182 452 3273 ἡγούμεθα
467 3179 533 3265 εἶχε
558 3206 760 3269 nequaquam
782 3188 877 3254 fuerit
899 3189 1057 3254 communi
1081 3187 1221 3252 omnium

70 3286 200 3374 ψυχήν,·
559 3289 644 3353 eladi
668 3289 833 3356 obnoxius.

157 3390 266 3456 Verba
284 3409 325 3456 ex
339 3388 486 3455 noctibus
501 3388 617 3456 Atticis
631 3391 726 3456 modo
742 3391 892 3475 apposita
907 3391 1023 3472 omnia,
1048 3395 1079 3455 et
1094 3388 1221 3456 Graeca

70 3498 105 3558 et
126 3492 258 3574 Latina,
288 3491 438 3573 quoniam
461 3489 503 3555 de
525 3511 587 3556 uno
611 3491 788 3574 eodemque
811 3491 943 3558 Socrate
967 3497 1055 3575 sunt,
1087 3510 1219 3556 consen-

69 3601 203 3659 taneum
226 3599 274 3658 est
291 3592 442 3657 recedere
457 3590 500 3657 ad
514 3611 612 3657 unum
628 3592 827 3676 eundemque
842 3599 1013 3676 auctorem,
1038 3613 1134 3675 quem
1149 3612 1220 3660 esse

70 3695 270 3760 Fauorinum
285 3693 409 3759 Gellius
431 3696 502 3778 ipse
524 3696 655 3762 indicat.
699 3693 790 3772 Quae
812 3715 876 3760 non
898 3715 919 3760 a
941 3695 1120 3779 colloquiis,
1143 3700 1178 3760 ut
1193 3697 1221 3763 is

68 3796 227 3877 affirmat,
257 3794 315 3860 sed
342 3795 419 3859 item
440 3817 461 3860 a
481 3797 573 3863 libris
595 3797 786 3879 quibusdam
808 3797 960 3864 Fauorini
982 3797 1128 3881 profecta
1150 3817 1222 3865 esse

66 3918 130 3984 pro
153 3897 279 3961 ratione
302 3914 366 3978 qua
380 3896 521 3962 Gellium
543 3897 646 3963 fontes
669 3918 743 3964 suos
766 3898 900 3965 laudare
922 3899 1039 3966 scimus
1052 3902 1073 3977 ¹)
1095 3901 1129 3964 ln
1147 3920 1221 3983 pro-

67 3997 277 4010 ..----ι-

163 4031 187 4093 1)
208 4027 248 4082 ef.
267 4027 408 4082 Mercklin.
426 4044 454 4098 p.
473 4034 537 4084 677:
555 4027 654 4085 ‘Wenn
671 4045 735 4085 man
753 4030 796 4085 die
808 4030 936 4087 Methode
949 4033 996 4088 des
1010 4032 1113 4087 Gelbus
1125 4031 1154 4085 in
1165 4031 1220 4087 den
