2714 4500
557 130 634 186 Felix
651 130 778 201 Rudolph

655 302 690 370 O.

183 424 295 490 Altera
321 422 509 506 difficultas,
539 442 621 506 quae
651 422 774 488 uariam
801 419 967 487 historiam
997 426 1030 485 et
1058 418 1179 484 librum
1207 419 1244 484 de

98 527 290 592 animalibus
313 524 571 610 comparantibus
593 524 685 591 nobis
709 521 869 588 mouenda
891 523 1007 606 estin
1030 540 1070 588 eo
1092 525 1245 603 uersatur,

100 628 186 711 quod
201 632 390 713 argumenta
411 626 540 710 saepius
562 626 657 692 simul
678 626 761 690 inter
782 644 817 691 se
840 623 1040 706 conueniunt,
1065 623 1164 689 simul
1187 621 1245 688 dis-

101 736 240 816 crepant.
272 727 375 806 Quam
391 728 525 794 fontium
541 726 679 810 quadam
694 727 917 792 communitate
933 723 1163 809 explicandam
1180 741 1248 790 esse

101 852 198 916 supra
208 833 230 908 ¹)
248 831 328 912 dixi,
351 835 448 912 atque
462 829 497 894 id
513 828 637 895 duobus
652 847 728 894 usus
743 826 922 893 axiomatis.
955 826 1049 892 Nunc
1063 846 1144 892 uero
1159 824 1249 908 haec,

101 934 251 1016 quoniam
267 938 299 998 ct
313 937 481 1014 utrumque
503 930 620 996 librum
635 928 781 996 eiusdem
794 928 922 993 Aeliani
937 946 1008 994 esse
1023 936 1056 994 et
1070 928 1165 993 uaria
1177 933 1252 1010 post

99 1036 217 1100 librum
238 1033 424 1100 bestiarium
444 1031 574 1098 condita
596 1050 665 1098 esse
689 1030 866 1097 ostendisse
888 1030 969 1095 mihi
990 1027 1114 1112 uideor,
1138 1028 1251 1096 confir·

99 1141 188 1202 mata
208 1141 289 1201 sunt.
1157 1143 1159 1147 ’

266 1319 339 1382 XV.
377 1320 430 1383 Dc
452 1319 612 1383 Fauorini
632 1319 792 1401 orrrcr'peoo
814 1317 948 1380 statoria
969 1316 1080 1382 dacco.

186 1473 238 1539 Ad
261 1474 475 1556 cognitionem
499 1473 687 1556 omnigenae
710 1470 864 1537 historiae
882 1472 1043 1553 ceteroqui
1065 1489 1173 1554 paene
1196 1471 1251 1535 ob·

100 1578 260 1642 litteratae
283 1576 347 1641 iam
368 1594 453 1640 noua
474 1575 531 1638 lux
553 1575 652 1639 allata
671 1581 728 1640 est.
761 1573 846 1638 Nam
862 1592 934 1639 cum
948 1572 1072 1639 Gellius
1089 1591 1163 1638 eam
1185 1576 1251 1635 mm

17 1675 18 1678 ’
102 1678 205 1743 obiter
220 1696 316 1758 quam
331 1674 489 1740 inuidioso
510 1673 758 1757 adumbrauerit,
780 1694 885 1757 pauca
906 1675 1006 1740 frusta
1020 1674 1186 1757 Diogenes
1209 1672 1252 1738 de

7 1811 9 1816 ·
101 1776 322 1863 philosophis,
345 1774 527 1859 Stephanus
550 1775 591 1842 dc
615 1775 850 1860 chorographia
872 1776 1033 1859 exhibeat,
1057 1794 1098 1840 ex
1120 1775 1250 1841 Aeliani

102 1880 201 1946 uariis
217 1880 285 1945 eius
300 1877 425 1960 species
440 1876 506 1942 fere
528 1882 563 1941 ut
586 1896 627 1943 cx
650 1876 787 1959 epitome
803 1877 943 1961 effulget.
980 1878 1050 1942 Iam
1071 1876 1163 1943 nobis
1186 1875 1250 1942 hoc

101 1980 215 2064 amplo
237 1979 443 2044 fundamento
466 1978 550 2044 nixis
575 1978 701 2043 occasio
723 1980 940 2062 prosperrima
962 1978 1055 2045 datur
1076 1977 1118 2044 de
1140 1977 1251 2044 indole

103 2083 172 2149 eius
201 2079 388 2148 disserendi.
434 2081 474 2145 Et
502 2080 637 2163 primum
667 2079 795 2162 quidem
824 2081 1064 2164 comprobatum
1086 2087 1135 2148 est
1157 2080 1249 2163 illud,

103 2182 191 2266 quod
212 2182 323 2267 paucis
345 2180 547 2248 adminiculis
576 2182 666 2247 initio
677 2184 700 2258 ²)
730 2181 874 2266 defendi,
903 2183 938 2247 in
962 2183 1085 2250 litteras
1107 2202 1180 2248 eam
1203 2182 1249 2247 di-

102 2291 225 2369 gestam
249 2283 357 2348 fuisse.
396 2282 444 2349 Ac
466 2303 529 2348 non
551 2289 672 2349 tantum
694 2283 888 2365 aequalitate
911 2283 1048 2366 quadam
1070 2285 1251 2368 argumenti

103 2385 253 2452 notabilis
276 2388 353 2466 crat,
376 2402 479 2465 neque
502 2385 605 2450 solum
626 2384 669 2450 ad
692 2386 895 2467 quaestiones
917 2387 1115 2467 Homer-icas,
1138 2385 1182 2451 ad
1204 2386 1248 2451 in-

103 2494 214 2570 uenta,
238 2486 281 2552 ad
301 2486 463 2551 nominum
486 2484 716 2568 deriuationes,
739 2487 782 2552 ad
804 2494 905 2554 terras
928 2485 1156 2552 describendas
1178 2507 1249 2572 per·

103 2591 239 2672 tinebat,
268 2587 326 2654 sed
347 2587 506 2671 permulta
528 2592 559 2653 ct
581 2587 709 2655 diuersa
735 2590 885 2672 exempla
913 2588 1053 2654 habebat
1081 2608 1248 2672 coagmen·

103 2694 171 2755 tata
192 2694 224 2755 et
245 2689 278 2752 in
299 2708 362 2753 uno
384 2692 556 2771 conspectu
570 2689 686 2771 posita,
709 2695 871 2772 tamquam
886 2691 1071 2774 opulentum
1087 2690 1248 2772 quoddam

104 2790 269 2857 doctrinae
283 2789 487 2855 uersicolor-is
501 2792 746 2874 receptaculum,
770 2811 832 2874 quo
850 2794 878 2859 si
895 2792 967 2875 quis
989 2793 1136 2858 celeriter
1157 2793 1198 2859 de
1216 2813 1249 2858 re

105 2891 248 2976 qualibet
269 2890 384 2957 certior
405 2890 475 2955 fieri
496 2891 627 2958 uolebat
653 2899 803 2958 uteretur.
839 2894 954 2976 Neque
975 2893 1109 2958 multum
1130 2914 1152 2958 a
1173 2913 1249 2959 nero

104 2996 219 3061 abesse
233 2991 313 3057 mihi
333 2989 455 3076 uidear,
478 2993 505 3058 si
527 3012 599 3059 cam
620 2985 691 3059 cum
712 2994 802 3060 libris
825 3014 904 3076 quos
925 2995 1046 3078 primus
1061 2995 1250 3062 Brockhaus

103 3095 282 3179 bibliopola
307 3085 685 3161 ‘Conuersationslexica'
710 3096 905 3179 nuncupauit
930 3095 1130 3163 contendam.
1176 3098 1249 3164 Per·

104 3199 226 3265 tinebat
248 3202 355 3262 autem
385 3197 540 3280 imprimis
568 3195 612 3260 ad
640 3198 842 3278 quaestiones
866 3190 1117 3282 ‘aetiologicas',
1145 3218 1249 3282 neque

105 3299 139 3364 id
154 3301 257 3366 solum
273 3298 331 3365 sub
346 3317 425 3364 uoce
444 3298 588 3382 πρῶτος,
611 3297 670 3363 sed
691 3300 819 3382 passim.
857 3299 1028 3365 Praeterea
1051 3286 1270 3368 redundabat

106 3401 302 3468 coaceruatis
325 3402 512 3485 scriptorum
533 3399 734 3482 testimoniis,
758 3399 798 3464 dc
821 3419 884 3482 qua
905 3421 941 3467 re
962 3403 1001 3468 cf.
1024 3423 1094 3486 cap.
1110 3403 1215 3469 XVII.

190 3502 337 3568 Ceterum
364 3502 419 3566 uia
447 3509 479 3567 et
506 3503 630 3568 ratione
658 3501 834 3567 Fauorinus
863 3503 967 3568 fontes
997 3523 1071 3571 suos
1099 3505 1134 3570 in
1162 3524 1251 3572 usum

106 3604 295 3686 omnigenae
322 3602 474 3669 historiae
496 3601 705 3687 discerpsisse
733 3601 874 3687 uidetur,
903 3605 931 3670 si
953 3605 1084 3687 quidem
1107 3626 1148 3673 ea
1171 3626 1251 3689 quae

106 3708 139 3770 in
161 3702 426 3770 Pseudocallisth.
443 3704 468 3786 I,
483 3706 521 3767 13
544 3709 576 3768 et
598 3723 628 3768 u.
645 3702 675 3768 h.
692 3704 766 3788 XII,
784 3709 833 3788 16,
850 3708 890 3771 26
921 3705 995 3774 inde
1025 3714 1154 3776 seruata
1182 3715 1252 3776 sunt

194 3876 218 3936 1)
236 3870 298 3937 Pag.
314 3873 355 3923 30.
426 3874 451 3929 2)
470 3870 534 3936 Pag.
549 3875 579 3923 51
590 3885 647 3938 sqq.
