<?xml version="1.0" encoding="UTF-8"?>
<!DOCTYPE html PUBLIC "-//W3C//DTD XHTML 1.0 Transitional//EN"
    "http://www.w3.org/TR/xhtml1/DTD/xhtml1-transitional.dtd">
<html xmlns="http://www.w3.org/1999/xhtml" xml:lang="en" lang="en">
 <head>
  <title>
</title>
<meta http-equiv="Content-Type" content="text/html;charset=utf-8" />
  <meta name='ocr-system' content='tesseract 3.04.00' />
  <meta name='ocr-capabilities' content='ocr_page ocr_carea ocr_par ocr_line ocrx_word'/>
</head>
<body>
  <div class='ocr_page' id='page_1' title='image "./defontibusquibu00rudogoog_0059.png"; bbox 0 0 2714 4500; ppageno 0'>
   <div class='ocr_carea' id='block_1_1' title="bbox 154 193 840 264">
    <p class='ocr_par' dir='ltr' id='par_1_1' title="bbox 154 193 840 264">
     <span class='ocr_line' id='line_1_1' title="bbox 154 193 840 264; baseline 0 -17"><span class='ocrx_word' id='word_1_1' title='bbox 154 203 197 259; x_wconf 80' lang='lat'>54</span> <span class='ocrx_word' id='word_1_2' title='bbox 618 195 696 250; x_wconf 79' lang='lat' dir='ltr'>Felix</span> <span class='ocrx_word' id='word_1_3' title='bbox 713 193 840 264; x_wconf 84' lang='lat' dir='ltr'>Rudolph</span> 
     </span>
    </p>
   </div>
   <div class='ocr_carea' id='block_1_2' title="bbox 152 364 1307 3703">
    <p class='ocr_par' dir='ltr' id='par_1_2' title="bbox 153 364 1306 1854">
     <span class='ocr_line' id='line_1_2' title="bbox 243 364 1303 450; baseline -0.003 -15"><span class='ocrx_word' id='word_1_4' title='bbox 243 370 365 449; x_wconf 80' lang='lat' dir='ltr'>Quodsi</span> <span class='ocrx_word' id='word_1_5' title='bbox 393 369 426 432; x_wconf 91' lang='lat' dir='ltr'>iu</span> <span class='ocrx_word' id='word_1_6' title='bbox 452 368 534 433; x_wconf 89' lang='lat' dir='ltr'>libro</span> <span class='ocrx_word' id='word_1_7' title='bbox 557 367 590 432; x_wconf 90' lang='grc' dir='ltr'><strong>Π</strong></span> <span class='ocrx_word' id='word_1_8' title='bbox 617 369 753 434; x_wconf 92' lang='lat' dir='ltr'>incisum</span> <span class='ocrx_word' id='word_1_9' title='bbox 772 367 939 450; x_wconf 68' lang='lat' dir='ltr'>&#39;quoddam</span> <span class='ocrx_word' id='word_1_10' title='bbox 961 387 1040 433; x_wconf 88' lang='lat' dir='ltr'>uoce</span> <span class='ocrx_word' id='word_1_11' title='bbox 1063 364 1232 450; x_wconf 78' lang='grc' dir='ltr'><em>Διάλογος</em></span> <span class='ocrx_word' id='word_1_12' title='bbox 1256 369 1303 432; x_wconf 93' lang='lat' dir='ltr'>in·</span> 
     </span>
     <span class='ocr_line' id='line_1_3' title="bbox 155 468 1303 558; baseline -0.006 -18"><span class='ocrx_word' id='word_1_13' title='bbox 155 474 305 558; x_wconf 88' lang='lat' dir='ltr'>signitum</span> <span class='ocrx_word' id='word_1_14' title='bbox 332 475 414 553; x_wconf 88' lang='lat' dir='ltr'>erat,</span> <span class='ocrx_word' id='word_1_15' title='bbox 445 470 477 534; x_wconf 94' lang='lat' dir='ltr'>in</span> <span class='ocrx_word' id='word_1_16' title='bbox 498 470 581 535; x_wconf 90' lang='lat' dir='ltr'>libro</span> <span class='ocrx_word' id='word_1_17' title='bbox 604 469 681 535; x_wconf 94' lang='lat' dir='ltr'>VIII</span> <span class='ocrx_word' id='word_1_18' title='bbox 702 470 838 536; x_wconf 91' lang='lat' dir='ltr'>incisum</span> <span class='ocrx_word' id='word_1_19' title='bbox 861 468 1023 552; x_wconf 84' lang='lat' dir='ltr'>quoddam</span> <span class='ocrx_word' id='word_1_20' title='bbox 1045 488 1125 535; x_wconf 86' lang='lat' dir='ltr'>uoce</span> <span class='ocrx_word' id='word_1_21' title='bbox 1147 470 1303 552; x_wconf 77' lang='grc' dir='ltr'><em>Πρῶτος,</em></span> 
     </span>
     <span class='ocr_line' id='line_1_4' title="bbox 153 570 1305 658; baseline -0.003 -18"><span class='ocrx_word' id='word_1_22' title='bbox 153 572 414 658; x_wconf 91' lang='lat' dir='ltr'>quandoquidem</span> <span class='ocrx_word' id='word_1_23' title='bbox 436 573 468 633; x_wconf 78' lang='lat' dir='ltr'>A</span> <span class='ocrx_word' id='word_1_24' title='bbox 495 572 602 636; x_wconf 84' lang='lat' dir='ltr'>lIttera</span> <span class='ocrx_word' id='word_1_25' title='bbox 623 570 669 636; x_wconf 93' lang='lat' dir='ltr'>IV</span> <span class='ocrx_word' id='word_1_26' title='bbox 697 577 760 654; x_wconf 87' lang='lat' dir='ltr'>est,</span> <span class='ocrx_word' id='word_1_27' title='bbox 790 573 829 634; x_wconf 86' lang='lat' dir='ltr'><em>H</em></span> <span class='ocrx_word' id='word_1_28' title='bbox 846 571 953 636; x_wconf 90' lang='lat' dir='ltr'>littera</span> <span class='ocrx_word' id='word_1_29' title='bbox 975 570 1068 652; x_wconf 85' lang='lat' dir='ltr'>XVI,</span> <span class='ocrx_word' id='word_1_30' title='bbox 1098 570 1305 653; x_wconf 91' lang='lat' dir='ltr'>omnigenam</span> 
     </span>
     <span class='ocr_line' id='line_1_5' title="bbox 154 672 1304 755; baseline -0.002 -14"><span class='ocrx_word' id='word_1_31' title='bbox 154 675 320 743; x_wconf 82' lang='lat' dir='ltr'><strong>historiam</strong></span> <span class='ocrx_word' id='word_1_32' title='bbox 347 672 390 739; x_wconf 91' lang='lat' dir='ltr'>ad</span> <span class='ocrx_word' id='word_1_33' title='bbox 420 672 554 737; x_wconf 86' lang='lat' dir='ltr'>formam</span> <span class='ocrx_word' id='word_1_34' title='bbox 582 673 680 738; x_wconf 90' lang='lat' dir='ltr'>lexioi</span> <span class='ocrx_word' id='word_1_35' title='bbox 710 672 796 754; x_wconf 95' lang='lat' dir='ltr'>quod</span> <span class='ocrx_word' id='word_1_36' title='bbox 824 672 960 738; x_wconf 90' lang='lat' dir='ltr'>dicimus</span> <span class='ocrx_word' id='word_1_37' title='bbox 989 691 1175 755; x_wconf 82' lang='lat' dir='ltr'>expressam</span> <span class='ocrx_word' id='word_1_38' title='bbox 1204 672 1304 739; x_wconf 85' lang='lat' dir='ltr'>fuisse</span> 
     </span>
     <span class='ocr_line' id='line_1_6' title="bbox 153 773 1304 861; baseline -0.003 -17"><span class='ocrx_word' id='word_1_39' title='bbox 153 779 314 861; x_wconf 89' lang='lat' dir='ltr'>sequitur;</span> <span class='ocrx_word' id='word_1_40' title='bbox 336 774 399 839; x_wconf 91' lang='lat' dir='ltr'>nisi</span> <span class='ocrx_word' id='word_1_41' title='bbox 422 773 508 855; x_wconf 94' lang='lat' dir='ltr'>quod</span> <span class='ocrx_word' id='word_1_42' title='bbox 530 773 571 840; x_wconf 91' lang='lat' dir='ltr'>de</span> <span class='ocrx_word' id='word_1_43' title='bbox 586 774 696 838; x_wconf 88' lang='lat' dir='ltr'>XXIV</span> <span class='ocrx_word' id='word_1_44' title='bbox 717 774 833 840; x_wconf 81' lang='lat' dir='ltr'>litterIs</span> <span class='ocrx_word' id='word_1_45' title='bbox 856 777 1036 853; x_wconf 72' lang='grc' dir='ltr'><strong><em>στοιχείαις</em></strong></span> <span class='ocrx_word' id='word_1_46' title='bbox 1058 793 1076 839; x_wconf 89' lang='lat' dir='ltr'>e</span> <span class='ocrx_word' id='word_1_47' title='bbox 1096 774 1213 855; x_wconf 90' lang='lat' dir='ltr'>quibus</span> <span class='ocrx_word' id='word_1_48' title='bbox 1229 794 1304 840; x_wconf 92' lang='lat' dir='ltr'>cou-</span> 
     </span>
     <span class='ocr_line' id='line_1_7' title="bbox 153 874 1304 960; baseline -0.003 -15"><span class='ocrx_word' id='word_1_49' title='bbox 153 884 254 946; x_wconf 90' lang='lat' dir='ltr'>staret</span> <span class='ocrx_word' id='word_1_50' title='bbox 274 877 367 941; x_wconf 90' lang='lat' dir='ltr'>binas</span> <span class='ocrx_word' id='word_1_51' title='bbox 383 874 517 957; x_wconf 88' lang='lat' dir='ltr'>siugulis</span> <span class='ocrx_word' id='word_1_52' title='bbox 539 876 629 942; x_wconf 90' lang='lat' dir='ltr'>libris</span> <span class='ocrx_word' id='word_1_53' title='bbox 643 875 743 940; x_wconf 85' lang='lat' dir='ltr'>fuisse</span> <span class='ocrx_word' id='word_1_54' title='bbox 759 874 1006 960; x_wconf 90' lang='lat' dir='ltr'>comprehensas</span> <span class='ocrx_word' id='word_1_55' title='bbox 1023 874 1229 941; x_wconf 90' lang='lat' dir='ltr'>statuendum</span> <span class='ocrx_word' id='word_1_56' title='bbox 1247 882 1304 942; x_wconf 88' lang='lat' dir='ltr'>est.</span> 
     </span>
     <span class='ocr_line' id='line_1_8' title="bbox 154 976 1305 1044; baseline -0.002 0"><span class='ocrx_word' id='word_1_57' title='bbox 154 998 156 1003; x_wconf 74' lang='grc'>’</span> <span class='ocrx_word' id='word_1_58' title='bbox 240 977 368 1044; x_wconf 83' lang='lat' dir='ltr'>Similia</span> <span class='ocrx_word' id='word_1_59' title='bbox 390 976 474 1042; x_wconf 85' lang='lat' dir='ltr'>effici</span> <span class='ocrx_word' id='word_1_60' title='bbox 496 976 645 1042; x_wconf 91' lang='lat' dir='ltr'>uidentur</span> <span class='ocrx_word' id='word_1_61' title='bbox 667 996 710 1042; x_wconf 89' lang='lat' dir='ltr'>ex</span> <span class='ocrx_word' id='word_1_62' title='bbox 730 977 805 1041; x_wconf 92' lang='lat' dir='ltr'>Iulii</span> <span class='ocrx_word' id='word_1_63' title='bbox 820 976 942 1042; x_wconf 85' lang='lat' dir='ltr'>Valerii</span> <span class='ocrx_word' id='word_1_64' title='bbox 957 976 998 1042; x_wconf 91' lang='lat' dir='ltr'>de</span> <span class='ocrx_word' id='word_1_65' title='bbox 1012 977 1108 1042; x_wconf 88' lang='lat' dir='ltr'>rebus</span> <span class='ocrx_word' id='word_1_66' title='bbox 1122 976 1305 1043; x_wconf 83' lang='lat' dir='ltr'>Alexandri</span> 
     </span>
     <span class='ocr_line' id='line_1_9' title="bbox 155 1072 1305 1165; baseline 0.001 -20"><span class='ocrx_word' id='word_1_67' title='bbox 155 1082 180 1165; x_wconf 97' lang='lat' dir='ltr'>I,</span> <span class='ocrx_word' id='word_1_68' title='bbox 206 1083 244 1144; x_wconf 90' lang='grc'>13</span> <span class='ocrx_word' id='word_1_69' title='bbox 274 1080 318 1154; x_wconf 81' lang='lat' dir='ltr'>(in</span> <span class='ocrx_word' id='word_1_70' title='bbox 341 1078 375 1144; x_wconf 78' lang='grc' dir='ltr'>Ο.</span> <span class='ocrx_word' id='word_1_71' title='bbox 400 1079 545 1144; x_wconf 88' lang='lat' dir='ltr'>Muelleri</span> <span class='ocrx_word' id='word_1_72' title='bbox 575 1077 841 1144; x_wconf 89' lang='lat' dir='ltr'>Pseudocallisth.</span> <span class='ocrx_word' id='word_1_73' title='bbox 871 1077 921 1143; x_wconf 92' lang='lat' dir='ltr'>ed.</span> <span class='ocrx_word' id='word_1_74' title='bbox 945 1076 1083 1154; x_wconf 82' lang='lat' dir='ltr'>Didot.):</span> <span class='ocrx_word' id='word_1_75' title='bbox 1114 1072 1305 1146; x_wconf 74' lang='lat' dir='ltr'>‘Crescebat</span> 
     </span>
     <span class='ocr_line' id='line_1_10' title="bbox 154 1179 1305 1265; baseline 0 -19"><span class='ocrx_word' id='word_1_76' title='bbox 154 1201 232 1265; x_wconf 88' lang='lat' dir='ltr'>ergo</span> <span class='ocrx_word' id='word_1_77' title='bbox 256 1179 452 1259; x_wconf 82' lang='lat' dir='ltr'>(Alexander</span> <span class='ocrx_word' id='word_1_78' title='bbox 466 1181 612 1262; x_wconf 87' lang='lat' dir='ltr'>Magnus)</span> <span class='ocrx_word' id='word_1_79' title='bbox 635 1185 670 1245; x_wconf 93' lang='lat' dir='ltr'>ut</span> <span class='ocrx_word' id='word_1_80' title='bbox 692 1181 836 1262; x_wconf 90' lang='lat' dir='ltr'>corporis</span> <span class='ocrx_word' id='word_1_81' title='bbox 851 1181 956 1262; x_wconf 90' lang='lat' dir='ltr'>gratia</span> <span class='ocrx_word' id='word_1_82' title='bbox 970 1181 1016 1244; x_wconf 92' lang='lat' dir='ltr'>ita</span> <span class='ocrx_word' id='word_1_83' title='bbox 1030 1179 1211 1258; x_wconf 87' lang='lat' dir='ltr'>studiorum</span> <span class='ocrx_word' id='word_1_84' title='bbox 1228 1201 1305 1263; x_wconf 93' lang='lat' dir='ltr'>quo·</span> 
     </span>
     <span class='ocr_line' id='line_1_11' title="bbox 153 1279 1304 1367; baseline 0.001 -20"><span class='ocrx_word' id='word_1_85' title='bbox 153 1301 218 1365; x_wconf 90' lang='lat' dir='ltr'>que</span> <span class='ocrx_word' id='word_1_86' title='bbox 241 1288 273 1347; x_wconf 93' lang='lat' dir='ltr'>et</span> <span class='ocrx_word' id='word_1_87' title='bbox 293 1280 482 1366; x_wconf 87' lang='lat' dir='ltr'>prudentiae</span> <span class='ocrx_word' id='word_1_88' title='bbox 504 1283 671 1348; x_wconf 87' lang='lat' dir='ltr'>maiestate</span> <span class='ocrx_word' id='word_1_89' title='bbox 694 1287 725 1346; x_wconf 91' lang='lat' dir='ltr'>et</span> <span class='ocrx_word' id='word_1_90' title='bbox 742 1301 814 1346; x_wconf 89' lang='lat' dir='ltr'>oum</span> <span class='ocrx_word' id='word_1_91' title='bbox 828 1279 879 1347; x_wconf 91' lang='lat' dir='ltr'>his</span> <span class='ocrx_word' id='word_1_92' title='bbox 894 1301 957 1346; x_wconf 90' lang='lat' dir='ltr'>una</span> <span class='ocrx_word' id='word_1_93' title='bbox 972 1281 1082 1364; x_wconf 88' lang='lat' dir='ltr'>regiae</span> <span class='ocrx_word' id='word_1_94' title='bbox 1098 1280 1304 1367; x_wconf 87' lang='lat' dir='ltr'>disciplinae.</span> 
     </span>
     <span class='ocr_line' id='line_1_12' title="bbox 156 1382 1305 1467; baseline 0.001 -18"><span class='ocrx_word' id='word_1_95' title='bbox 156 1384 232 1450; x_wconf 84' lang='lat' dir='ltr'>Eius</span> <span class='ocrx_word' id='word_1_96' title='bbox 255 1383 362 1448; x_wconf 88' lang='lat' dir='ltr'>nutrix</span> <span class='ocrx_word' id='word_1_97' title='bbox 383 1382 541 1449; x_wconf 90' lang='lat' dir='ltr'>Alacrinis</span> <span class='ocrx_word' id='word_1_98' title='bbox 565 1389 641 1467; x_wconf 89' lang='lat' dir='ltr'>erat,</span> <span class='ocrx_word' id='word_1_99' title='bbox 664 1383 874 1466; x_wconf 86' lang='lat' dir='ltr'>paedagogus</span> <span class='ocrx_word' id='word_1_100' title='bbox 896 1388 992 1465; x_wconf 87' lang='lat' dir='ltr'>atque</span> <span class='ocrx_word' id='word_1_101' title='bbox 1015 1383 1150 1447; x_wconf 85' lang='lat' dir='ltr'>nutritor</span> <span class='ocrx_word' id='word_1_102' title='bbox 1171 1385 1305 1451; x_wconf 88' lang='lat' dir='ltr'>nomine</span> 
     </span>
     <span class='ocr_line' id='line_1_13' title="bbox 154 1484 1305 1570; baseline 0.003 -22"><span class='ocrx_word' id='word_1_103' title='bbox 154 1484 331 1568; x_wconf 86' lang='lat' dir='ltr'>Leonides,</span> <span class='ocrx_word' id='word_1_104' title='bbox 359 1484 557 1550; x_wconf 88' lang='lat' dir='ltr'>litteraturae</span> <span class='ocrx_word' id='word_1_105' title='bbox 585 1485 757 1568; x_wconf 87' lang='lat' dir='ltr'>Polynicus</span> <span class='ocrx_word' id='word_1_106' title='bbox 786 1484 953 1567; x_wconf 81' lang='lat' dir='ltr'>magister,</span> <span class='ocrx_word' id='word_1_107' title='bbox 984 1485 1121 1550; x_wconf 92' lang='lat' dir='ltr'>musices</span> <span class='ocrx_word' id='word_1_108' title='bbox 1143 1484 1305 1570; x_wconf 91' lang='lat' dir='ltr'>Alcippus</span> 
     </span>
     <span class='ocr_line' id='line_1_14' title="bbox 154 1586 1306 1670; baseline 0.002 -20"><span class='ocrx_word' id='word_1_109' title='bbox 154 1587 315 1667; x_wconf 90' lang='lat' dir='ltr'>Lemnius,</span> <span class='ocrx_word' id='word_1_110' title='bbox 338 1587 533 1668; x_wconf 84' lang='lat' dir='ltr'>geometriae</span> <span class='ocrx_word' id='word_1_111' title='bbox 548 1587 709 1653; x_wconf 83' lang='lat' dir='ltr'>Menecles</span> <span class='ocrx_word' id='word_1_112' title='bbox 724 1586 987 1670; x_wconf 90' lang='lat' dir='ltr'>Peloponnesius,</span> <span class='ocrx_word' id='word_1_113' title='bbox 1008 1586 1166 1652; x_wconf 88' lang='lat' dir='ltr'>oratoriae</span> <span class='ocrx_word' id='word_1_114' title='bbox 1181 1586 1306 1652; x_wconf 93' lang='lat' dir='ltr'>Anaxi·</span> 
     </span>
     <span class='ocr_line' id='line_1_15' title="bbox 154 1686 1306 1771; baseline 0.002 -19"><span class='ocrx_word' id='word_1_115' title='bbox 154 1706 264 1752; x_wconf 91' lang='lat' dir='ltr'>menes</span> <span class='ocrx_word' id='word_1_116' title='bbox 285 1686 452 1770; x_wconf 75' lang='lat' dir='ltr'>AristocIIs</span> <span class='ocrx_word' id='word_1_117' title='bbox 466 1687 715 1771; x_wconf 81' lang='lat' dir='ltr'>Lampsacenus,</span> <span class='ocrx_word' id='word_1_118' title='bbox 739 1686 966 1771; x_wconf 89' lang='lat' dir='ltr'>philosophiae</span> <span class='ocrx_word' id='word_1_119' title='bbox 988 1693 1095 1753; x_wconf 93' lang='lat' dir='ltr'>autem</span> <span class='ocrx_word' id='word_1_120' title='bbox 1110 1687 1306 1754; x_wconf 88' lang='lat' dir='ltr'>Aristoteles</span> 
     </span>
     <span class='ocr_line' id='line_1_16' title="bbox 155 1787 387 1854; baseline -0.004 -2"><span class='ocrx_word' id='word_1_121' title='bbox 155 1789 210 1854; x_wconf 93' lang='lat' dir='ltr'>ille</span> <span class='ocrx_word' id='word_1_122' title='bbox 232 1787 387 1852; x_wconf 89' lang='lat' dir='ltr'>Milesius.</span> 
     </span>
    </p>

    <p class='ocr_par' dir='ltr' id='par_1_3' title="bbox 153 1887 1307 3193">
     <span class='ocr_line' id='line_1_17' title="bbox 240 1887 1307 1979; baseline 0.006 -27"><span class='ocrx_word' id='word_1_123' title='bbox 240 1888 334 1953; x_wconf 84' lang='lat' dir='ltr'>Enim</span> <span class='ocrx_word' id='word_1_124' title='bbox 365 1887 405 1953; x_wconf 86' lang='lat' dir='ltr'>de</span> <span class='ocrx_word' id='word_1_125' title='bbox 432 1889 533 1953; x_wconf 89' lang='lat' dir='ltr'>millte</span> <span class='ocrx_word' id='word_1_126' title='bbox 564 1890 644 1967; x_wconf 87' lang='lat' dir='ltr'>(scil.</span> <span class='ocrx_word' id='word_1_127' title='bbox 667 1888 708 1979; x_wconf 87' lang='lat' dir='ltr'>de</span> <span class='ocrx_word' id='word_1_128' title='bbox 730 1890 928 1956; x_wconf 84' lang='lat' dir='ltr'>instItutione</span> <span class='ocrx_word' id='word_1_129' title='bbox 950 1891 1109 1973; x_wconf 83' lang='lat' dir='ltr'>militari),</span> <span class='ocrx_word' id='word_1_130' title='bbox 1144 1891 1224 1974; x_wconf 80' lang='lat' dir='ltr'>quIa</span> <span class='ocrx_word' id='word_1_131' title='bbox 1254 1890 1307 1958; x_wconf 89' lang='lat' dir='ltr'>hic</span> 
     </span>
     <span class='ocr_line' id='line_1_18' title="bbox 155 1989 1306 2075; baseline 0.001 -18"><span class='ocrx_word' id='word_1_132' title='bbox 155 1989 252 2074; x_wconf 86' lang='lat' dir='ltr'>longa</span> <span class='ocrx_word' id='word_1_133' title='bbox 273 2009 324 2055; x_wconf 94' lang='lat' dir='ltr'>res</span> <span class='ocrx_word' id='word_1_134' title='bbox 341 1996 389 2056; x_wconf 90' lang='lat' dir='ltr'>est</span> <span class='ocrx_word' id='word_1_135' title='bbox 405 1995 437 2055; x_wconf 93' lang='lat' dir='ltr'>et</span> <span class='ocrx_word' id='word_1_136' title='bbox 450 1990 649 2075; x_wconf 92' lang='lat' dir='ltr'>propositum</span> <span class='ocrx_word' id='word_1_137' title='bbox 665 1990 862 2074; x_wconf 82' lang='lat' dir='ltr'>interturbat,</span> <span class='ocrx_word' id='word_1_138' title='bbox 886 1992 913 2057; x_wconf 90' lang='lat' dir='ltr'>si</span> <span class='ocrx_word' id='word_1_139' title='bbox 929 1992 1006 2074; x_wconf 93' lang='lat' dir='ltr'>quid</span> <span class='ocrx_word' id='word_1_140' title='bbox 1022 1992 1184 2074; x_wconf 89' lang='lat' dir='ltr'>inquirere</span> <span class='ocrx_word' id='word_1_141' title='bbox 1202 1994 1306 2058; x_wconf 88' lang='lat' dir='ltr'>ourio-</span> 
     </span>
     <span class='ocr_line' id='line_1_19' title="bbox 155 2091 1307 2178; baseline 0.001 -19"><span class='ocrx_word' id='word_1_142' title='bbox 155 2091 222 2159; x_wconf 92' lang='lat' dir='ltr'>sius</span> <span class='ocrx_word' id='word_1_143' title='bbox 234 2092 334 2175; x_wconf 90' lang='lat' dir='ltr'>uoles,</span> <span class='ocrx_word' id='word_1_144' title='bbox 347 2097 396 2156; x_wconf 92' lang='lat' dir='ltr'>sat</span> <span class='ocrx_word' id='word_1_145' title='bbox 406 2093 465 2158; x_wconf 90' lang='lat' dir='ltr'>tibi</span> <span class='ocrx_word' id='word_1_146' title='bbox 476 2092 577 2157; x_wconf 89' lang='lat' dir='ltr'>lector</span> <span class='ocrx_word' id='word_1_147' title='bbox 588 2091 705 2158; x_wconf 90' lang='lat' dir='ltr'>habeto</span> <span class='ocrx_word' id='word_1_148' title='bbox 721 2091 914 2159; x_wconf 84' lang='lat' dir='ltr'>Graecum</span> <span class='ocrx_word' id='word_1_149' title='bbox 929 2093 1122 2159; x_wconf 84' lang='lat' dir='ltr'>Fauorini</span> <span class='ocrx_word' id='word_1_150' title='bbox 1138 2094 1196 2160; x_wconf 88' lang='lat' dir='ltr'>lib</span> <span class='ocrx_word' id='word_1_151' title='bbox 1207 2115 1307 2178; x_wconf 88' lang='lat' dir='ltr'>rum,</span> 
     </span>
     <span class='ocr_line' id='line_1_20' title="bbox 155 2193 1307 2279; baseline 0.001 -19"><span class='ocrx_word' id='word_1_152' title='bbox 155 2193 1078 2279; x_wconf 84' lang='lat' dir='ltr'>q&#39;uiomnigenerehistoriaesuperscribitur.</span> <span class='ocrx_word' id='word_1_153' title='bbox 1117 2195 1191 2260; x_wconf 89' lang='lat' dir='ltr'>Illic</span> <span class='ocrx_word' id='word_1_154' title='bbox 1207 2197 1307 2261; x_wconf 90' lang='lat' dir='ltr'>etiam</span> 
     </span>
     <span class='ocr_line' id='line_1_21' title="bbox 155 2295 1307 2382; baseline 0.001 -20"><span class='ocrx_word' id='word_1_155' title='bbox 155 2297 282 2382; x_wconf 86' lang='lat' dir='ltr'>generis</span> <span class='ocrx_word' id='word_1_156' title='bbox 311 2295 490 2361; x_wconf 86' lang='lat' dir='ltr'>Alexandri</span> <span class='ocrx_word' id='word_1_157' title='bbox 518 2297 678 2362; x_wconf 91' lang='lat' dir='ltr'>inueneris</span> <span class='ocrx_word' id='word_1_158' title='bbox 707 2297 838 2378; x_wconf 91' lang='lat' dir='ltr'>seriem,</span> <span class='ocrx_word' id='word_1_159' title='bbox 872 2297 924 2361; x_wconf 91' lang='lat' dir='ltr'>cui</span> <span class='ocrx_word' id='word_1_160' title='bbox 953 2297 1080 2380; x_wconf 84' lang='lat' dir='ltr'>generis</span> <span class='ocrx_word' id='word_1_161' title='bbox 1107 2297 1307 2382; x_wconf 90' lang='lat' dir='ltr'>principium</span> 
     </span>
     <span class='ocr_line' id='line_1_22' title="bbox 154 2395 1307 2484; baseline 0.001 -20"><span class='ocrx_word' id='word_1_162' title='bbox 154 2399 353 2484; x_wconf 87' lang='lat' dir='ltr'>praestitisse</span> <span class='ocrx_word' id='word_1_163' title='bbox 375 2397 480 2463; x_wconf 86' lang='lat' dir='ltr'>ferunt</span> <span class='ocrx_word' id='word_1_164' title='bbox 495 2395 658 2463; x_wconf 84' lang='lat' dir='ltr'>Oceanum</span> <span class='ocrx_word' id='word_1_165' title='bbox 681 2405 714 2464; x_wconf 90' lang='lat' dir='ltr'>et</span> <span class='ocrx_word' id='word_1_166' title='bbox 735 2396 915 2481; x_wconf 83' lang='lat' dir='ltr'>Thetidem,</span> <span class='ocrx_word' id='word_1_167' title='bbox 939 2399 1078 2481; x_wconf 89' lang='lat' dir='ltr'>exinque</span> <span class='ocrx_word' id='word_1_168' title='bbox 1094 2397 1232 2465; x_wconf 89' lang='lat' dir='ltr'>fluxisse</span> <span class='ocrx_word' id='word_1_169' title='bbox 1249 2420 1307 2484; x_wconf 92' lang='lat' dir='ltr'>per</span> 
     </span>
     <span class='ocr_line' id='line_1_23' title="bbox 154 2497 1305 2583; baseline 0.001 -17"><span class='ocrx_word' id='word_1_170' title='bbox 154 2501 314 2566; x_wconf 92' lang='lat' dir='ltr'>Acrisium</span> <span class='ocrx_word' id='word_1_171' title='bbox 327 2497 540 2581; x_wconf 90' lang='lat' dir='ltr'>Danaumque</span> <span class='ocrx_word' id='word_1_172' title='bbox 562 2504 657 2581; x_wconf 88' lang='lat' dir='ltr'>atque</span> <span class='ocrx_word' id='word_1_173' title='bbox 673 2500 792 2566; x_wconf 89' lang='lat' dir='ltr'>Persea</span> <span class='ocrx_word' id='word_1_174' title='bbox 814 2500 994 2583; x_wconf 90' lang='lat' dir='ltr'>multosque</span> <span class='ocrx_word' id='word_1_175' title='bbox 1016 2501 1098 2566; x_wconf 92' lang='lat' dir='ltr'>alios</span> <span class='ocrx_word' id='word_1_176' title='bbox 1120 2500 1155 2564; x_wconf 94' lang='lat' dir='ltr'>in</span> <span class='ocrx_word' id='word_1_177' title='bbox 1172 2501 1305 2567; x_wconf 89' lang='lat' dir='ltr'>Perdic-</span> 
     </span>
     <span class='ocr_line' id='line_1_24' title="bbox 155 2598 1305 2687; baseline 0 -18"><span class='ocrx_word' id='word_1_178' title='bbox 155 2621 212 2669; x_wconf 89' lang='lat' dir='ltr'>cae</span> <span class='ocrx_word' id='word_1_179' title='bbox 235 2619 355 2684; x_wconf 88' lang='lat' dir='ltr'>genera</span> <span class='ocrx_word' id='word_1_180' title='bbox 376 2601 430 2665; x_wconf 94' lang='lat' dir='ltr'>uel</span> <span class='ocrx_word' id='word_1_181' title='bbox 451 2598 683 2685; x_wconf 86' lang='lat' dir='ltr'>Philipporum.</span> <span class='ocrx_word' id='word_1_182' title='bbox 720 2602 804 2666; x_wconf 86' lang='lat' dir='ltr'>Nam</span> <span class='ocrx_word' id='word_1_183' title='bbox 826 2622 866 2667; x_wconf 90' lang='lat' dir='ltr'>ne</span> <span class='ocrx_word' id='word_1_184' title='bbox 888 2600 1075 2687; x_wconf 81' lang='lat' dir='ltr'>OlympIadi</span> <span class='ocrx_word' id='word_1_185' title='bbox 1098 2602 1233 2684; x_wconf 90' lang='lat' dir='ltr'>quidem</span> <span class='ocrx_word' id='word_1_186' title='bbox 1258 2624 1305 2670; x_wconf 93' lang='lat' dir='ltr'>se-</span> 
     </span>
     <span class='ocr_line' id='line_1_25' title="bbox 155 2703 1305 2789; baseline 0.001 -20"><span class='ocrx_word' id='word_1_187' title='bbox 155 2722 210 2769; x_wconf 92' lang='lat' dir='ltr'>cus</span> <span class='ocrx_word' id='word_1_188' title='bbox 238 2721 382 2785; x_wconf 88' lang='lat' dir='ltr'>propago</span> <span class='ocrx_word' id='word_1_189' title='bbox 410 2721 567 2784; x_wconf 89' lang='lat' dir='ltr'>generosa</span> <span class='ocrx_word' id='word_1_190' title='bbox 589 2710 651 2768; x_wconf 89' lang='lat' dir='ltr'>est:</span> <span class='ocrx_word' id='word_1_191' title='bbox 668 2704 733 2785; x_wconf 51' lang='lat' dir='ltr'>¹cui</span> <span class='ocrx_word' id='word_1_192' title='bbox 756 2703 924 2785; x_wconf 85' lang='lat' dir='ltr'>diligentia</span> <span class='ocrx_word' id='word_1_193' title='bbox 945 2705 1016 2788; x_wconf 93' lang='lat' dir='ltr'>pari</span> <span class='ocrx_word' id='word_1_194' title='bbox 1038 2724 1058 2769; x_wconf 92' lang='lat' dir='ltr'>a</span> <span class='ocrx_word' id='word_1_195' title='bbox 1080 2703 1194 2769; x_wconf 93' lang='lat' dir='ltr'>mundi</span> <span class='ocrx_word' id='word_1_196' title='bbox 1217 2707 1305 2789; x_wconf 92' lang='lat' dir='ltr'>prin·</span> 
     </span>
     <span class='ocr_line' id='line_1_26' title="bbox 155 2802 1306 2888; baseline 0.003 -18"><span class='ocrx_word' id='word_1_197' title='bbox 155 2805 240 2888; x_wconf 92' lang='lat' dir='ltr'>cipio</span> <span class='ocrx_word' id='word_1_198' title='bbox 269 2822 327 2888; x_wconf 87' lang='lat' dir='ltr'>per</span> <span class='ocrx_word' id='word_1_199' title='bbox 356 2802 526 2868; x_wconf 83' lang='lat' dir='ltr'>Saturnum</span> <span class='ocrx_word' id='word_1_200' title='bbox 554 2810 650 2886; x_wconf 91' lang='lat' dir='ltr'>atque</span> <span class='ocrx_word' id='word_1_201' title='bbox 678 2804 878 2887; x_wconf 90' lang='lat' dir='ltr'>Neptunum,</span> <span class='ocrx_word' id='word_1_202' title='bbox 907 2810 973 2869; x_wconf 91' lang='lat' dir='ltr'>tum</span> <span class='ocrx_word' id='word_1_203' title='bbox 1003 2806 1099 2871; x_wconf 92' lang='lat' dir='ltr'>etiam</span> <span class='ocrx_word' id='word_1_204' title='bbox 1122 2806 1306 2873; x_wconf 81' lang='lat' dir='ltr'>Telamona</span> 
     </span>
     <span class='ocr_line' id='line_1_27' title="bbox 154 2905 1305 2992; baseline 0.001 -19"><span class='ocrx_word' id='word_1_205' title='bbox 154 2907 270 2973; x_wconf 90' lang='lat' dir='ltr'>seriem</span> <span class='ocrx_word' id='word_1_206' title='bbox 284 2905 411 2989; x_wconf 89' lang='lat' dir='ltr'>generis</span> <span class='ocrx_word' id='word_1_207' title='bbox 426 2906 572 2988; x_wconf 90' lang='lat' dir='ltr'>attexuit,</span> <span class='ocrx_word' id='word_1_208' title='bbox 592 2905 634 2970; x_wconf 89' lang='lat' dir='ltr'>ad</span> <span class='ocrx_word' id='word_1_209' title='bbox 650 2907 840 2989; x_wconf 90' lang='lat' dir='ltr'>tertiumque</span> <span class='ocrx_word' id='word_1_210' title='bbox 854 2907 1101 2991; x_wconf 89' lang='lat' dir='ltr'>Neoptolemum</span> <span class='ocrx_word' id='word_1_211' title='bbox 1118 2906 1215 2973; x_wconf 91' lang='lat' dir='ltr'>docet</span> <span class='ocrx_word' id='word_1_212' title='bbox 1231 2929 1305 2992; x_wconf 94' lang='lat' dir='ltr'>pro·</span> 
     </span>
     <span class='ocr_line' id='line_1_28' title="bbox 154 3001 1304 3093; baseline 0 -18"><span class='ocrx_word' id='word_1_213' title='bbox 154 3009 279 3092; x_wconf 91' lang='lat' dir='ltr'>sapiam</span> <span class='ocrx_word' id='word_1_214' title='bbox 295 3005 475 3088; x_wconf 88' lang='lat' dir='ltr'>defluxisse,</span> <span class='ocrx_word' id='word_1_215' title='bbox 493 3007 582 3072; x_wconf 92' lang='lat' dir='ltr'>cuius</span> <span class='ocrx_word' id='word_1_216' title='bbox 594 3001 694 3092; x_wconf 84' lang='lat' dir='ltr'>[uxor]</span> <span class='ocrx_word' id='word_1_217' title='bbox 711 3007 863 3074; x_wconf 86' lang='lat' dir='ltr'>Anasafia</span> <span class='ocrx_word' id='word_1_218' title='bbox 877 3015 978 3074; x_wconf 90' lang='lat' dir='ltr'>mater</span> <span class='ocrx_word' id='word_1_219' title='bbox 994 3007 1199 3093; x_wconf 83' lang='lat' dir='ltr'>OlympiadIs</span> <span class='ocrx_word' id='word_1_220' title='bbox 1215 3010 1304 3075; x_wconf 92' lang='lat' dir='ltr'>oluit.</span> 
     </span>
     <span class='ocr_line' id='line_1_29' title="bbox 153 3101 860 3193; baseline 0.001 -19"><span class='ocrx_word' id='word_1_221' title='bbox 153 3111 255 3193; x_wconf 86' lang='lat' dir='ltr'>Igitur</span> <span class='ocrx_word' id='word_1_222' title='bbox 277 3108 320 3174; x_wconf 87' lang='lat' dir='ltr'>ad</span> <span class='ocrx_word' id='word_1_223' title='bbox 342 3107 561 3173; x_wconf 89' lang='lat' dir='ltr'>Alexandrum</span> <span class='ocrx_word' id='word_1_224' title='bbox 583 3129 673 3174; x_wconf 92' lang='lat' dir='ltr'>mens</span> <span class='ocrx_word' id='word_1_225' title='bbox 695 3101 860 3175; x_wconf 89' lang='lat' dir='ltr'>recurrat&#39;.</span> 
     </span>
    </p>

    <p class='ocr_par' dir='ltr' id='par_1_4' title="bbox 152 3209 1304 3703">
     <span class='ocr_line' id='line_1_30' title="bbox 239 3209 1304 3293; baseline 0.003 -18"><span class='ocrx_word' id='word_1_226' title='bbox 239 3211 330 3276; x_wconf 89' lang='lat' dir='ltr'>Hanc</span> <span class='ocrx_word' id='word_1_227' title='bbox 353 3228 502 3274; x_wconf 91' lang='lat' dir='ltr'>omnem</span> <span class='ocrx_word' id='word_1_228' title='bbox 525 3212 821 3277; x_wconf 83' lang='lat' dir='ltr'>commentatIonem</span> <span class='ocrx_word' id='word_1_229' title='bbox 844 3212 885 3277; x_wconf 89' lang='lat' dir='ltr'>ab</span> <span class='ocrx_word' id='word_1_230' title='bbox 907 3211 1075 3293; x_wconf 89' lang='lat' dir='ltr'>omnigena</span> <span class='ocrx_word' id='word_1_231' title='bbox 1090 3209 1228 3277; x_wconf 88' lang='lat' dir='ltr'>historia</span> <span class='ocrx_word' id='word_1_232' title='bbox 1243 3213 1304 3278; x_wconf 85' lang='lat' dir='ltr'>Fa·</span> 
     </span>
     <span class='ocr_line' id='line_1_31' title="bbox 154 3310 1303 3397; baseline 0 -18"><span class='ocrx_word' id='word_1_233' title='bbox 154 3315 258 3379; x_wconf 91' lang='lat' dir='ltr'>uorini</span> <span class='ocrx_word' id='word_1_234' title='bbox 274 3310 448 3378; x_wconf 91' lang='lat' dir='ltr'>oriundam</span> <span class='ocrx_word' id='word_1_235' title='bbox 470 3329 540 3376; x_wconf 90' lang='lat' dir='ltr'>esse</span> <span class='ocrx_word' id='word_1_236' title='bbox 563 3311 703 3377; x_wconf 91' lang='lat' dir='ltr'>dilucide</span> <span class='ocrx_word' id='word_1_237' title='bbox 726 3320 860 3397; x_wconf 89' lang='lat' dir='ltr'>apparet</span> <span class='ocrx_word' id='word_1_238' title='bbox 876 3332 917 3378; x_wconf 90' lang='lat' dir='ltr'>cx</span> <span class='ocrx_word' id='word_1_239' title='bbox 932 3312 1048 3377; x_wconf 89' lang='lat' dir='ltr'>fabulis</span> <span class='ocrx_word' id='word_1_240' title='bbox 1063 3312 1303 3380; x_wconf 89' lang='lat' dir='ltr'>Pseudocallis·</span> 
     </span>
     <span class='ocr_line' id='line_1_32' title="bbox 154 3411 1302 3499; baseline -0.002 -18"><span class='ocrx_word' id='word_1_241' title='bbox 154 3415 259 3481; x_wconf 90' lang='lat' dir='ltr'>thenis</span> <span class='ocrx_word' id='word_1_242' title='bbox 282 3415 314 3478; x_wconf 92' lang='lat' dir='ltr'>in</span> <span class='ocrx_word' id='word_1_243' title='bbox 336 3414 477 3495; x_wconf 89' lang='lat' dir='ltr'>linguam</span> <span class='ocrx_word' id='word_1_244' title='bbox 493 3412 677 3477; x_wconf 90' lang='lat' dir='ltr'>Armeniam</span> <span class='ocrx_word' id='word_1_245' title='bbox 700 3416 860 3480; x_wconf 91' lang='lat' dir='ltr'>conuersis</span> <span class='ocrx_word' id='word_1_246' title='bbox 876 3413 963 3498; x_wconf 94' lang='lat' dir='ltr'>apud</span> <span class='ocrx_word' id='word_1_247' title='bbox 977 3411 1154 3478; x_wconf 88' lang='lat' dir='ltr'>Zacherum</span> <span class='ocrx_word' id='word_1_248' title='bbox 1162 3416 1183 3492; x_wconf 85' lang='lat'>¹)</span> <span class='ocrx_word' id='word_1_249' title='bbox 1197 3435 1230 3499; x_wconf 89' lang='lat' dir='ltr'>p.</span> <span class='ocrx_word' id='word_1_250' title='bbox 1245 3418 1302 3479; x_wconf 82' lang='lat'>89:</span> 
     </span>
     <span class='ocr_line' id='line_1_33' title="bbox 152 3510 1302 3599; baseline 0.003 -20"><span class='ocrx_word' id='word_1_251' title='bbox 152 3510 279 3579; x_wconf 84' lang='lat' dir='ltr'>‘Amme</span> <span class='ocrx_word' id='word_1_252' title='bbox 308 3513 399 3578; x_wconf 88' lang='lat' dir='ltr'>ward</span> <span class='ocrx_word' id='word_1_253' title='bbox 428 3512 495 3578; x_wconf 92' lang='lat' dir='ltr'>ihm</span> <span class='ocrx_word' id='word_1_254' title='bbox 524 3513 582 3579; x_wconf 94' lang='lat' dir='ltr'>das</span> <span class='ocrx_word' id='word_1_255' title='bbox 604 3515 698 3579; x_wconf 90' lang='lat' dir='ltr'>Weib</span> <span class='ocrx_word' id='word_1_256' title='bbox 723 3515 863 3582; x_wconf 88' lang='lat' dir='ltr'>Lakrine</span> <span class='ocrx_word' id='word_1_257' title='bbox 880 3566 886 3579; x_wconf 93' lang='lat'>.</span> <span class='ocrx_word' id='word_1_258' title='bbox 904 3566 910 3579; x_wconf 92' lang='lat'><strong>.</strong></span> <span class='ocrx_word' id='word_1_259' title='bbox 929 3565 952 3599; x_wconf 95' lang='lat'>.,</span> <span class='ocrx_word' id='word_1_260' title='bbox 982 3535 1016 3580; x_wconf 91' lang='lat' dir='ltr'>es</span> <span class='ocrx_word' id='word_1_261' title='bbox 1039 3513 1143 3579; x_wconf 91' lang='lat' dir='ltr'>lehrte</span> <span class='ocrx_word' id='word_1_262' title='bbox 1166 3514 1222 3580; x_wconf 90' lang='lat' dir='ltr'>ihu</span> <span class='ocrx_word' id='word_1_263' title='bbox 1247 3516 1302 3583; x_wconf 88' lang='lat' dir='ltr'>die</span> 
     </span>
     <span class='ocr_line' id='line_1_34' title="bbox 155 3615 1304 3703; baseline 0.002 -23"><span class='ocrx_word' id='word_1_264' title='bbox 155 3615 402 3681; x_wconf 85' lang='lat' dir='ltr'>Erdmesskunst</span> <span class='ocrx_word' id='word_1_265' title='bbox 428 3615 617 3681; x_wconf 90' lang='lat' dir='ltr'>Menekmus</span> <span class='ocrx_word' id='word_1_266' title='bbox 646 3616 703 3681; x_wconf 92' lang='lat' dir='ltr'>der</span> <span class='ocrx_word' id='word_1_267' title='bbox 729 3617 994 3703; x_wconf 90' lang='lat' dir='ltr'>Peloponnesicr,</span> <span class='ocrx_word' id='word_1_268' title='bbox 1030 3616 1082 3682; x_wconf 90' lang='lat' dir='ltr'>die</span> <span class='ocrx_word' id='word_1_269' title='bbox 1111 3616 1304 3684; x_wconf 85' lang='lat' dir='ltr'>Redekunst</span> 
     </span>
    </p>
   </div>
   <div class='ocr_carea' id='block_1_3' title="bbox 155 3715 1302 3803">
    <p class='ocr_par' dir='ltr' id='par_1_5' title="bbox 155 3715 1302 3803">
     <span class='ocr_line' id='line_1_35' title="bbox 155 3715 1302 3803; baseline 0.003 -21"><span class='ocrx_word' id='word_1_270' title='bbox 155 3718 381 3799; x_wconf 90' lang='lat' dir='ltr'>Anaximenes,</span> <span class='ocrx_word' id='word_1_271' title='bbox 405 3716 463 3781; x_wconf 91' lang='lat' dir='ltr'>der</span> <span class='ocrx_word' id='word_1_272' title='bbox 477 3715 566 3782; x_wconf 82' lang='lat' dir='ltr'>Sohn</span> <span class='ocrx_word' id='word_1_273' title='bbox 581 3716 638 3783; x_wconf 90' lang='lat' dir='ltr'>des</span> <span class='ocrx_word' id='word_1_274' title='bbox 653 3718 862 3802; x_wconf 90' lang='lat' dir='ltr'>Lampsakus,</span> <span class='ocrx_word' id='word_1_275' title='bbox 887 3719 939 3783; x_wconf 90' lang='lat' dir='ltr'>die</span> <span class='ocrx_word' id='word_1_276' title='bbox 955 3717 1165 3803; x_wconf 91' lang='lat' dir='ltr'>Philosophie</span> <span class='ocrx_word' id='word_1_277' title='bbox 1177 3719 1302 3785; x_wconf 89' lang='lat' dir='ltr'>Aristo-</span> 
     </span>
    </p>
   </div>
   <div class='ocr_carea' id='block_1_4' title="bbox 243 3930 778 3999">
    <p class='ocr_par' dir='ltr' id='par_1_6' title="bbox 243 3930 778 3999">
     <span class='ocr_line' id='line_1_36' title="bbox 243 3930 778 3999; baseline 0.002 -11"><span class='ocrx_word' id='word_1_278' title='bbox 243 3939 265 3999; x_wconf 85' lang='lat'>1)</span> <span class='ocrx_word' id='word_1_279' title='bbox 283 3930 588 3999; x_wconf 81' lang='lat' dir='ltr'>Pseudo-Callisthenes,</span> <span class='ocrx_word' id='word_1_280' title='bbox 606 3934 685 3988; x_wconf 89' lang='lat' dir='ltr'>Halle</span> <span class='ocrx_word' id='word_1_281' title='bbox 705 3938 778 3989; x_wconf 72' lang='lat'>1867.</span> 
     </span>
    </p>
   </div>
   <div class='ocr_carea' id='block_1_5' title="bbox 0 0 1364 4500">
    <p class='ocr_par' dir='ltr' id='par_1_7' title="bbox 0 0 1364 4500">
     <span class='ocr_line' id='line_1_37' title="bbox 0 0 1364 4500; baseline 0 0"><span class='ocrx_word' id='word_1_282' title='bbox 0 0 1364 4500; x_wconf 95' lang='lat' dir='ltr'> </span> 
     </span>
    </p>
   </div>
  </div>
 </body>
</html>
