2714 4500
105 182 145 242 58
530 193 531 196 ’
564 181 642 236 Felix
658 181 785 252 Rudolph

106 378 143 434 eo
172 358 375 440 promouent,
405 360 440 419 ut
468 354 585 421 bonam
612 356 853 422 Laertianarum
881 356 1018 420 uitarum
1044 361 1169 441 partem
1192 359 1241 424 uni

104 457 215 525 deberi
237 453 416 539 biographo
439 490 480 499 -
502 475 553 521 mo
574 456 680 522 iudice
702 456 862 523 Fauorino
887 491 924 500 -
949 457 1155 524 iudicandum
1177 450 1243 526 sit'.

104 559 194 638 Quae
217 558 244 625 si
268 557 491 641 concedantur,
513 557 641 623 Aeliani
664 577 735 623 oum
751 559 897 641 Diogene
920 578 1092 626 consensus
1113 561 1158 626 ad
1175 581 1247 628 cun·

105 663 180 728 dem
201 659 395 725 Fauorinum
421 657 622 724 reuocandus
644 659 693 725 sit.
738 660 909 726 DnImuero
931 665 1067 743 utraque
1090 682 1250 730 commen-

32 755 33 758 '
105 765 182 830 tatio
206 760 353 845 quamuis
376 779 492 841 magna
514 761 689 842 sagacitate
712 766 808 843 atque
830 761 986 827 industria
1009 765 1193 848 conscripta
1212 767 1251 832 sit

104 881 285 945 nouamque
303 860 468 942 vquandam
491 862 595 927 lucem
617 861 732 929 litteris
754 862 886 929 Graecis
909 864 1059 948 attulerit,
1082 886 1147 932 non
1170 867 1252 936 nihil

104 966 202 1032 habet
224 963 418 1046 offensionis,
443 964 471 1029 si
494 963 624 1045 quidem
646 964 898 1030 Nietzscheanae
921 984 1077 1031 summam
1100 968 1254 1034 refutauit

103 1069 225 1151 Maass,
256 1065 457 1131 Maassianae
480 1065 694 1131 Wilamowitz
721 1067 756 1131 in
784 1066 915 1132 dubium
943 1069 1081 1134 uocauit.
1128 1069 1254 1136 Cauen-

104 1170 180 1236 dum
211 1169 308 1252 igitur
335 1165 415 1232 mihi
444 1173 509 1250 est,
538 1186 579 1232 ne
608 1166 667 1232 has
696 1168 898 1250 quaestiones
927 1170 1060 1236 istorum
1083 1174 1254 1241 sententiis

104 1272 254 1338 irretiam.
291 1268 403 1335 Nihilo
425 1274 532 1333 tamen
555 1269 658 1334 secius
680 1275 849 1351 utrumque
871 1271 1024 1337 Fauorini
1046 1291 1129 1355 opus
1145 1275 1254 1339 multi·

103 1374 213 1457 iugum
235 1392 256 1437 a
270 1372 417 1453 Diogene
440 1367 620 1435 adhibitum
636 1390 705 1437 esse
722 1376 841 1436 eertum
859 1378 915 1438 θεῖ.
952 1372 1059 1454 Atque
1074 1376 1146 1440 ueri
1161 1376 1254 1441 uide·

103 1480 153 1540 tur
181 1474 379 1541 simillimum
403 1478 531 1556 praeter
554 1491 592 1536 ea
615 1492 697 1554 quae
719 1471 772 1538 hio
794 1472 922 1541 disertis
944 1474 1051 1540 uerbis
1073 1476 1123 1541 illi
1148 1477 1254 1543 uindi-

103 1583 155 1642 cat
176 1577 274 1642 etiam
296 1570 362 1639 alia
374 1573 494 1639 Laertii
517 1573 623 1638 eidem
645 1573 765 1639 deberi.
810 1575 923 1658 Itaque
945 1576 1002 1641 illa
1024 1575 1156 1642 Aeliani
1180 1600 1255 1645 cum

102 1680 249 1763 Diogene
272 1677 479 1759 congruentia
500 1674 543 1741 ad
564 1675 758 1740 Fauorinum
779 1677 890 1742 referri
912 1682 1057 1761 potest.

187 1779 343 1844 Maiorem
364 1783 472 1843 autem
494 1775 630 1842 fructum
652 1775 732 1842 haec
754 1778 918 1860 praebent.
958 1779 1121 1845 Historiae
1144 1779 1254 1864 philo-

105 1879 228 1966 sophae
251 1899 331 1962 quos
353 1878 508 1944 Aelianus
531 1883 657 1943 secutus
680 1884 728 1944 θεῖ
749 1884 895 1945 auctores
917 1881 979 1946 nisi
1001 1901 1133 1965 prorsus
1157 1885 1254 1949 oblit-

102 1983 196 2052 terati
219 1988 300 2063 sunt,
323 1981 424 2046 latent
445 1979 479 2043 in
500 1998 632 2044 numero
654 1982 865 2047 recentiorum
888 1983 1077 2066 scriptorum
1101 1986 1158 2066 qui
1181 1988 1253 2068 qui-

103 2085 177 2150 dem
198 2106 218 2149 a
240 2084 387 2166 Diogene
409 2087 507 2148 testes
528 2081 738 2164 proferuntur.
782 2083 895 2164 Itaque
918 2089 1008 2148 erant
1029 2090 1085 2150 aut
1106 2086 1253 2152 Alexan·

103 2188 161 2253 der
182 2184 366 2269 Polyhistcr
388 2189 443 2249 aut
466 2182 646 2248 DemetrIus
668 2184 800 2266 Magnes
822 2190 877 2248 aut
891 2184 1022 2252 Diocles
1037 2187 1173 2269 Magnes
1195 2195 1253 2255 aut

101 2287 273 2372 Pamphila
294 2292 349 2352 aut
369 2276 556 2350 Fauorinus.
601 2285 743 2350 Fuemnt
763 2291 871 2352 autem
892 2287 1078 2354 Alexander
1100 2292 1250 2373 aequalis

102 2391 226 2473 Sullae,
254 2387 437 2454 Demetrius
459 2385 638 2470 Ciceronis,
669 2387 799 2453 Diocles
820 2388 958 2471 Augusti
969 2390 999 2472 ¹),
1021 2392 1134 2473 utique
1159 2393 1250 2460 Posi·

102 2493 199 2557 donio
222 2490 331 2556 Stoico
353 2488 512 2572 posterior
521 2488 555 2567 ²),
581 2486 754 2571 Pamphila
775 2490 912 2556 Neronis
923 2492 956 2575 ³),
979 2491 1160 2560 Fauorinus
1183 2495 1249 2561 Ha·

101 2594 215 2660 drIani.
259 2593 328 2656 Iam
357 2610 420 2673 quo
450 2589 585 2671 quisque
613 2610 634 2654 a
661 2592 814 2657 memoria
836 2591 1013 2658 Alexandri
1036 2592 1150 2659 Seueri
1180 2603 1249 2662 crat

100 2696 269 2777 remotior,
300 2713 339 2759 eo
368 2692 473 2756 minus
501 2690 544 2756 ad
574 2692 713 2775 origines
741 2691 889 2776 florilegii
912 2693 1061 2760 Aelianei
1088 2698 1272 2775 eruendas

100 2795 266 2862 admoueri
288 2794 393 2860 debet.
427 2793 531 2858 Nemo
553 2793 650 2875 igitur
672 2795 776 2876 magis
798 2793 861 2860 huo
884 2796 1032 2860 conuenit
1055 2815 1152 2878 quam
1175 2819 1249 2865 cum

100 2895 272 2981 Pamphila
285 2895 472 2961 Fauorinus.
517 2894 604 2959 Inter
625 2893 720 2962 huius
742 2902 849 2962 autem
872 2901 904 2962 et
918 2897 1074 2980 Diogenis
1089 2904 1249 2986 tempora,

101 3007 253 3084 quantum
274 2998 401 3084 scimus,
424 3014 518 3060 nemo
533 3014 614 3062 unus
629 2997 766 3062 uitarum
782 2997 1047 3082 philosophorum
1062 3007 1176 3068 auctor
1192 3024 1248 3070 ex·

100 3104 194 3185 stitit,
225 3100 253 3166 si
280 3098 411 3183 quidem
438 3099 471 3162 in
493 3098 576 3163 serie
598 3100 802 3183 scriptorum,
835 3120 914 3182 quos
936 3100 1100 3183 Diogenes
1123 3104 1248 3192 laudat,

101 3212 244 3288 tempore
272 3207 432 3266 extremus
463 3206 511 3266 θεῖ
532 3199 720 3267 FauorInus.
763 3201 878 3284 Neque
900 3200 994 3269 huius
1016 3201 1196 3292 thesauris,
1220 3210 1248 3276 si

100 3307 171 3388 quis
199 3306 327 3370 ineunte
348 3302 442 3368 tertio
465 3321 496 3384 p.
520 3299 593 3366 Chr.
616 3322 646 3366 n.
670 3304 799 3369 saeculo
821 3304 989 3370 consilium
1010 3303 1153 3370 habebat
1176 3327 1247 3372 nar·

99 3406 293 3474 ratiunculas
316 3404 357 3470 de
378 3402 471 3484 uItis,
500 3403 657 3487 moribus,
688 3404 830 3488 placitis,
854 3407 962 3472 iocose
985 3405 1079 3473 dictis
1101 3406 1247 3490 philoso-

100 3507 235 3591 phorum
258 3503 480 3589 componendi,
505 3503 605 3569 ullum
625 3506 746 3572 fontem
769 3508 859 3573 adire
881 3513 1007 3590 poterat
1021 3511 1245 3584 recentiorem.

99 3610 234 3693 Nempe,
262 3609 317 3691 qui
339 3607 437 3672 aetati
459 3605 586 3671 Aeliani
609 3607 735 3673 uidetur
758 3609 942 3676 coniunctus
964 3610 1072 3694 fuisse,
1095 3611 1247 3682 Laertius

100 3712 175 3793 quin
191 3711 277 3775 illius
291 3709 499 3774 miscellanea
520 3708 691 3775 adhiberet
704 3710 811 3777 facere
826 3732 889 3777 non
904 3713 1016 3795 potuit.
1054 3710 1140 3789 Quid
1156 3714 1259 3796 quod¹

186 3863 209 3922 1)
227 3856 267 3910 Gi.
286 3856 475 3911 Nietzsoheum
496 3858 525 3911 in
547 3837 614 3912 mus.
638 3857 725 3912 Rhen.
750 3858 843 3914 XXIII
867 3878 893 3931 p,
914 3865 962 3915 638
973 3878 1029 3930 sqq.
1049 3869 1076 3918 et
1093 3862 1247 3920 Maassium

98 3942 124 3994 p.
147 3931 240 3993 15sqq.
311 3924 465 3991 2)D1.La.
486 3926 545 3991 VII,
564 3931 604 3981 62.
675 3931 700 3992 3)
718 3927 796 3983 Phot.
816 3930 879 3985 bibl.
900 3931 958 3985 cod.
980 3936 1036 3985 175.
