2714 4500
133 213 194 270 126
597 214 675 270 Felix
693 215 821 286 Rudolph

131 387 201 452 fons
220 388 366 470 putatur,⁴
395 378 577 470 Enimuero,
602 394 636 452 ut
650 408 701 454 res
717 389 762 454 ita
777 409 812 456 se
827 389 984 475 habuerit,
999 391 1063 475 'qui
1085 393 1194 475 potuit
1216 389 1288 458 fieri

132 521 170 531 —
195 485 332 570 id'quod
354 488 406 552 uel
430 507 471 552 ex
492 489 572 554 locis
586 491 743 574 appositis
759 492 864 558 elucet
886 529 937 576 —,
959 497 994 557 ut
1009 490 1200 577 Pamphilus
1220 513 1287 560 non

130 589 222 655 initio
245 590 493 671 uniuscuiusque
516 593 792 659 commentationis
820 594 945 660 solidae
973 599 1069 676 atque
1099 595 1285 678 continuae,

131 689 188 756 sed
211 691 245 755 in
266 690 382 756 mediis
405 690 564 757 indicibus
586 697 749 776 tamquam
772 696 969 779 singularum
989 715 1095 761 rerum
1114 702 1229 762 auctor
1251 703 1286 761 et

129 792 263 877 perinde
286 813 325 857 ac
348 793 445 858 ceteri
458 793 638 877 ‘scriptores
658 797 874 862 memoretur?
907 795 1064 874 Quocirca
1080 790 1177 863 exeo
1193 795 1283 879 quod

130 896 157 961 is
172 893 349 959 identidem
365 895 451 979 apud
461 895 667 987 >Athenaeum
683 898 814 965 affertur
835 897 917 964 nihil
939 899 1028 965 aliud
1049 898 1194 981 efficitur,
1218 899 1283 964 nisi

129 1003 165 1061 ut
185 996 239 1062 hic
262 997 376 1062 ducem
399 997 559 1080 quendam
586 1000 774 1083 primarium
796 1000 959 1085 Pamphili
987 1007 1094 1067 aetate
1121 1001 1282 1084 posterio-

130 1116 196 1162 rem
219 1106 345 1165 secutus
368 1100 419 1164 sit.
464 1101 512 1165 Iln
534 1101 728 1182 Fauorinus,
752 1109 787 1167 ut
808 1103 944 1186 scriptor
966 1103 1172 1186 interpositus
1195 1105 1285 1169 inter

129 1207 274 1285 tempora
296 1200 459 1284 Pamphili
482 1209 514 1268 et
535 1201 703 1287 Athenaei.

212 1295 269 1368 ‘At
283 1322 324 1368 ne
341 1304 439 1369 uerbo
455 1295 613 1388 quidem',
635 1305 744 1371 forsan
758 1307 893 1389 inquies,
908 1300 1039 1372 ‘nomen
1055 1307 1122 1371 eius
1137 1306 1169 1369 in
1186 1306 1282 1372 libris

129 1403 421 1490 δειπνοσοφιστῶν
443 1397 666 1489 significatur'.
711 1407 811 1472 Immo
840 1407 978 1472 uidene
1000 1407 1034 1472 id
1057 1408 1161 1491 ipsum
1183 1428 1204 1471 a
1226 1427 1282 1473 me

129 1513 200 1573 stet.
237 1507 322 1572 Nam
340 1505 527 1585 Athenaeus
550 1509 576 1574 si
600 1509 769 1574 consilium
791 1508 957 1575 habuisset
978 1509 1063 1574 bona
1084 1508 1148 1574 fide
1171 1509 1283 1575 fontes

80 1651 81 1654 =
128 1628 202 1674 suos
218 1609 353 1693 aperire,
376 1609 528 1676 Fauorini
551 1609 718 1676 thesauros
734 1630 797 1675 non
811 1610 944 1677 laudare
959 1631 1022 1676 non
1038 1610 1150 1694 potuit.
1183 1610 1284 1676 Nunc

128 1729 204 1776 uero
228 1710 268 1775 de
291 1711 331 1776 iis
354 1711 481 1777 omnino
509 1713 647 1777 reticens
674 1711 830 1777 indicauit
857 1711 919 1777 sibi
947 1731 1035 1796 esse,
1065 1732 1121 1777 cur
1146 1718 1282 1779 taceret.

214 1812 319 1895 Atque
343 1813 370 1879 si
392 1812 608 1878 conceduntur
630 1833 713 1896 quae
736 1813 776 1877 de
795 1812 962 1879 Athenaeo
985 1811 1091 1879 adhuc
1113 1814 1284 1898 disputata

128 1920 210 1998 sunt,
234 1914 321 1979 ualet
336 1913 427 1997 illud,
445 1914 532 1996 quod
547 1919 642 1979 antea
653 1917 677 1990 ¹)
692 1915 824 1998 conieci,
847 1916 1040 1981 Fauorinum
1057 1917 1090 1980 in
1105 1917 1284 1998 omnigena

127 2015 262 2082 historia
290 2036 348 2099 per
376 2014 581 2098 Pamphilum
611 2036 681 2081 cum
711 2015 813 2082 doctis
842 2016 956 2083 studiis
984 2017 1281 2082 Alexandrinorum
1304 2091 1307 2096 ⁴

127 2117 319 2185 cohaesisse.

266 2304 377 2368 XVII.
414 2305 468 2368 De
490 2303 651 2366 Fauorino
674 2303 828 2386 Diogenis
849 2304 979 2366 Laertie?
999 2315 1136 2366 orrotore.

212 2443 412 2524 Ubicumque
437 2461 546 2506 cursus
570 2442 723 2507 orationis
746 2441 902 2524 Diogenis
929 2440 1056 2506 insertis
1084 2441 1279 2523 aequalibus

126 2544 319 2626 quibusdam
335 2544 495 2609 indicibus
510 2543 664 2627 consistit,
688 2542 729 2607 de
745 2543 916 2624 omnigena
931 2540 1065 2607 historia
1078 2542 1167 2606 fonte
1189 2543 1278 2624 cogi·

126 2646 258 2711 tandum
282 2653 339 2711 est.

211 2748 260 2813 Ac
281 2749 418 2830 primurn
441 2746 571 2828 quidem
600 2747 731 2811 inuenta
757 2742 1023 2827 philosophorum
1050 2743 1081 2809 ei
1107 2743 1276 2810 debentur.

125 2850 208 2914 Nam
231 2849 306 2932 quia
328 2849 361 2923 in
381 2847 516 2931 singulis
531 2848 615 2930 uitis,
639 2865 710 2912 cum
725 2846 900 2929 compluria
914 2851 1138 2927 memorantur,
1161 2846 1276 2910 intima

124 2953 288 3018 uicinitate
304 2951 472 3017 coniuncta
487 2955 613 3014 exstare
629 2948 732 3014 solent
755 2954 786 3011 et
806 2947 964 3031 permulta
986 2944 1040 3012 hic
1061 2947 1129 3011 illic
1144 2948 1274 3030 conglu-

123 3056 225 3121 tinata
240 3059 313 3119 sunt
328 3059 360 3119 et
376 3053 483 3117 omnia
497 3070 560 3116 uno
577 3049 754 3130 eodemque
770 3047 908 3129 uinculo,
931 3047 1054 3112 scilicet
1075 3067 1156 3113 uoce
1178 3049 1275 3132 πρῶ·

123 3179 195 3240 τος,
225 3155 441 3236 continentur,
471 3152 579 3218 omnia
601 3170 643 3215 ex
663 3151 797 3215 articulo
827 3138 960 3231 πρὶῦῖος
987 3147 1147 3214 fluxerunt
1174 3150 1273 3215 lexici

123 3257 285 3341 Fauorini,
307 3254 350 3321 ad
368 3255 457 3321 cuius
479 3253 620 3318 studium
641 3251 761 3335 primas
784 3251 924 3333 origines
946 3249 1122 3332 indagandi
1143 3251 1272 3316 mirabi-

122 3360 195 3424 liter
210 3357 409 3424 conueniunt.
444 3353 530 3432 Quid
545 3352 631 3437 quod
648 3354 720 3436 ipsa
741 3353 861 3436 passim
884 3350 926 3416 ad
949 3352 1150 3434 omnigenam
1174 3351 1271 3418 histo·

121 3460 202 3524 riam
219 3459 337 3525 diserte
353 3462 551 3537 reuocantur,
576 3461 607 3520 et
622 3455 801 3536 Diogenem
823 3459 888 3518 tum
910 3473 981 3518 cum
1003 3453 1135 3518 inuenta
1156 3454 1270 3519 litteris

123 3562 332 3644 consignabat
354 3560 443 3624 illam
465 3564 539 3623 ante
560 3557 670 3623 oculos
692 3555 843 3620 habuisse
864 3555 992 3638 saepius
1014 3561 1160 3638 apparet,
1184 3555 1270 3620 uelut

121 3663 197 3728 libri
219 3662 268 3726 IX
295 3659 515 3744 paragraphos
539 3663 664 3722 51-54
691 3658 899 3738 scribentem,
928 3657 956 3722 si
980 3656 1110 3739 quidem
1135 3657 1170 3721 in
1192 3659 1210 3732 ξ
1231 3659 1271 3720 50.

121 3763 318 3828 haecdicit:
352 3758 497 3825 ἐκαλεῖτό
521 3782 557 3823 τε
579 3762 705 3845 Σοφία,
735 3749 779 3832 ὥς
802 3777 887 3843 φησι
910 3760 1107 3840 Φαβωρῖνος
1131 3753 1164 3821 ἐν
1187 3782 1224 3820 π.
1249 3754 1270 3820 ἱ.

168 3983 180 4006 ι
210 3965 232 4024 1)
252 3960 315 4027 Pag.
329 3965 384 4013 105.
