2714 4500
74 237 124 292 De
143 237 272 293 lontibus
290 237 388 312 quibus
399 207 574 291 Achmns'in
590 236 667 292 uaria
684 236 799 292 historia
810 239 994 305 componenda
1006 253 1072 293 usus
1083 239 1126 293 sit.
1163 238 1203 296 45

146 410 344 479 Confirmata
374 415 423 477 est
451 430 491 476 ea
519 429 615 492 quam
643 428 740 493 supra
767 410 925 476 mouimus
948 410 1104 494 suspicio,
1132 430 1203 495 per-

52 515 164 581 multa
195 514 349 580 lemmata
376 513 485 578 uariae
513 510 666 578 historiae
694 510 885 596 deprompta
917 518 989 578 sunt
1017 532 1035 578 e
1066 512 1205 596 quodam

54 616 286 699 exemplorum
314 613 396 680 libro
419 614 452 677 in
472 613 595 678 litteras
618 611 753 696 digesto,
776 614 866 679 cuius
887 615 1034 698 uestigia,
1058 615 1204 696 quamuis
1289 651 1292 659 ι

55 718 217 784 Aelianus
240 714 351 780 dedita
373 733 472 799 opera
492 715 526 778 in
548 732 586 780 eo
609 714 839 799 elaborauerit,
861 720 897 780 ut
918 716 1203 799 exstinguerentur,

57 821 88 887 si
111 818 256 885 tabulam
278 816 374 882 modo
389 815 584 899 adscriptam
604 816 711 881 animo
727 817 972 902 examinaretis,
995 837 1059 884 non
1072 824 1205 901 pessunt
1303 837 1338 882 Γ

57 944 127 988 non
147 919 288 1004 agnosci.
325 917 478 984 Videmus
501 919 586 984 enirn
606 937 811 1001 progressum
832 919 992 1002 quendam
1014 918 1135 986 ordinis
1150 920 1205 1001 qui

60 1024 180 1090 dicitur
201 1019 423 1106 alphabeticus
444 1020 479 1083 in
500 1019 540 1084 iis
560 1020 694 1086 uocibus
709 1020 824 1087 summi
845 1019 997 1104 ponderis
1012 1021 1127 1103 quibus
1142 1021 1205 1088 sin-

62 1127 157 1211 gulos
180 1122 331 1190 elenchos
355 1121 576 1204 exemplorum
597 1121 754 1206 inscripsi.
791 1122 874 1187 Nam
890 1119 924 1187 in
938 1123 1122 1189 uniuersum
1136 1124 1204 1205 qui-

63 1229 139 1294 dem
167 1226 246 1309 hae,
275 1231 311 1290 ut
337 1222 380 1289 ad
405 1224 545 1306 priorem
566 1227 691 1305 partem
712 1224 821 1290 uariae
843 1222 996 1290 historiae
1017 1223 1205 1290 referendae

63 1337 146 1412 sunt,
169 1331 215 1394 ita
235 1326 391 1410 incipiunt
412 1344 433 1389 a
454 1324 612 1406 prioribus
629 1325 753 1407 litteris,
776 1330 811 1389 ut
824 1324 868 1390 ad
884 1326 1103 1408 posteriorem,
1127 1326 1207 1390 itaa
1313 1359 1315 1363 v

61 1430 310 1518 posterioribus,
333 1427 539 1510 quinetiam,
562 1431 598 1490 ut
618 1425 739 1491 alterae
762 1426 871 1493 alteris
887 1432 959 1492 sunt
972 1426 1137 1510 finitimae,
1161 1427 1207 1493 ita

62 1553 183 1618 magna
205 1535 358 1614 exparte
380 1528 421 1593 ab
444 1526 560 1592 iisdem
581 1527 695 1592 litteris
711 1526 880 1593 ducuntur:
905 1520 1136 1610 εὐνομώτατοι,
1161 1525 1205 1607 ἕξ,

63 1632 171 1714 εἰκών,
186 1667 228 1680 -
250 1629 342 1715 ἔρως,
358 1625 625 1713 ἐπολιτεύσαντο,
641 1626 733 1711 ἔρως,
757 1623 888 1715 εὑρετής
903 1667 945 1675 -
960 1629 1106 1703 δεῖπνον,
1121 1628 1206 1696 Διό-

64 1757 173 1815 νυσος,
194 1733 382 1820 Δελφοί-
404 1729 597 1812 precedebat,
620 1728 770 1815 μουσική,
786 1735 982 1819 μίμησις-
997 1730 1205 1820 σωφροσύνη,
1326 1727 1338 1733 ἦ

64 1839 246 1924 στρατηγία
267 1869 309 1881 -
331 1833 472 1915 πρῶτος,
495 1836 605 1911 πενία,
628 1829 752 1898 παιδιά
767 1869 808 1880 -
832 1828 1043 1916 ὡραιότατον,
1068 1826 1209 1914 (ύπνος),

63 1934 190 2025 ιύνηντο
212 1973 255 1982 -
281 1931 404 2021 τροφή,
432 1931 555 2019 τροφή,
584 1931 799 2020 ταπεινότης,
828 1939 951 2019 τέρατα
979 1974 1019 1984 -
1048 1936 1206 2021 πόλεμος,

63 2038 264 2122 παχύτατος,
280 2036 489 2120 παλίγκοτος,
510 2033 634 2100 παιδιά
656 2072 697 2082 -
716 2034 879 2121 χρήματα,
892 2037 1067 2126 χασνότης;
1091 2042 1208 2124 quibus
1288 2074 1289 2079 ¹

64 2140 354 2211 continuationibus
376 2155 483 2222 'pensa
509 2137 645 2203 indicari
670 2137 818 2205 uidentur
841 2160 923 2222 quae
944 2141 1098 2208 Aelianus
1119 2143 1207 2210 fonte

64 2246 121 2312 illo
150 2250 242 2310 utens
270 2243 303 2307 in
333 2240 402 2328 dies
431 2240 573 2322 singulos
601 2239 662 2305 sihi
684 2243 895 2324 proposuerit.
940 2242 1078 2307 Tantum
1100 2250 1209 2310 autern

63 2348 166 2431 abest,
188 2351 223 2411 ut
244 2346 277 2410 in
299 2362 337 2409 eo
354 2339 581 2407 offendendum
596 2341 645 2422 sit,
670 2340 756 2423 quod
771 2361 792 2406 a
806 2340 1015 2427 dispositione
1031 2364 1126 2427 quam
1140 2345 1208 2412 illio

63 2450 231 2514 inuenerat
251 2445 422 2528 aliquoties
444 2443 584 2527 recessit,
607 2448 643 2507 ut
663 2442 698 2508 id
720 2443 826 2526 ipsum
847 2444 961 2509 mirum
977 2447 1019 2511 sit
1034 2446 1119 2529 quod
1135 2466 1207 2512 eam

62 2570 130 2616 non
152 2549 279 2634 saepius
301 2547 455 2630 neglexit.
492 2544 639 2611 Ceterum
663 2546 760 2611 etiam
780 2545 836 2611 uhi
858 2546 900 2612 ab
915 2565 955 2612 ea
970 2547 1132 2631 digressus
1148 2555 1207 2633 est,
1240 2587 1243 2595 ·

64 2657 172 2718 certae
195 2649 354 2734 quaedam
376 2646 429 2714 hic
451 2646 518 2712 illio
539 2648 679 2714 rationes
695 2646 986 2732 deprehenduntur.
1019 2649 1146 2716 Etenim
1161 2651 1208 2716 in·

63 2753 154 2819 dices
175 2772 234 2836 per
254 2751 354 2818 libros
376 2750 408 2834 Ι,
429 2748 462 2814 Π
484 2753 517 2814 et
537 2749 597 2833 VI,
620 2749 682 2815 VH
704 2756 735 2816 et
755 2750 813 2835 IX,
836 2751 869 2815 X
891 2749 1037 2836 dispersi,
1061 2754 1116 2835 qui
1139 2754 1208 2837 qui·

64 2854 140 2920 dem
161 2853 326 2919 uocabulis
349 2848 432 2935 ζηῖα,
456 2839 688 2932 εύνομιότατοι,
712 2848 755 2931 ἓξ,
780 2849 890 2931 εἰκών,
917 2855 1019 2939 γῆρας
1042 2889 1082 2899 -
1104 2845 1208 2941 ύβρις,

61 2952 232 3040 τύραννος,
254 2950 423 3028 πόνος-
444 2947 632 3036 παράδοξα,
655 2949 796 3033 νεόττια,
818 2956 920 3039 μέγας
943 2955 1094 3041 deinceps
1116 2977 1137 3022 a
1156 2977 1209 3022 me

61 3058 166 3123 notati
181 3063 263 3140 sunt,
284 3057 432 3120 inuersae
448 3053 543 3120 seriei
556 3054 734 3120 litterarum
748 3055 950 3141 respondent.
985 3057 1096 3123 Altera
1112 3077 1210 3140 quae-

63 3159 142 3225 dam
168 3155 370 3223 necessitudo
400 3161 448 3221 est
469 3155 551 3221 inter
580 3176 636 3223 ecs
662 3157 750 3223 loces
779 3177 913 3241 quorum
940 3164 1128 3243 argumenta
1157 3157 1209 3227 his

61 3260 199 3327 uocibus
221 3256 449 3342 comprehendi
473 3264 619 3340 possunt:
651 3254 763 3338 εἰκών,
786 3260 900 3344 γῆρας,
923 3256 1208 3346 μεγαλοφροσύνη,

62 3360 159 3446 ἐ’ρως,
176 3355 443 3437 ἐπολιτεύσαντο,
465 3393 508 3403 -—
530 3355 604 3445 seq,
623 3356 772 3444 μουσική,
797 3351 999 3443 εὐεργεσιῶν,
1014 3360 1208 3443 μεταβολαί,
1228 3400 1230 3404 ⁴

62 3458 217 3547 μουσική,
233 3464 372 3546 μίμησις
396 3494 433 3504 -
458 3457 665 3548 σωφροσύνη,
688 3465 879 3547 στρατηγία,
895 3464 1098 3548 καρτέρησις,
1120 3465 1210 3527 θαν-

63 3561 184 3648 μάσια,
208 3558 460 3648 σκνθρωπότης,
482 3558 657 3649 κουφότης,
681 3559 804 3647 ἰατρός,
827 3559 1001 3649 κουφότης,
1024 3563 1109 3630 unde
1125 3563 1210 3632 effici

62 3666 209 3748 uidetur,
238 3671 273 3729 ut
300 3661 341 3727 τὰ
365 3675 511 3743 στοιχεῖα
531 3687 555 3745 μ
578 3671 611 3729 ct
633 3686 663 3747 ε,
693 3683 713 3727 σ
736 3669 768 3730 et
788 3666 856 3727 θικ
877 3664 980 3730 ab-ee
1003 3667 1141 3733 inuicem
1162 3667 1210 3732 in·

63 3772 179 3852 specta
201 3766 272 3830 sint.
315 3765 429 3847 Neque
452 3764 548 3830 deero
571 3765 736 3846 quaerenti
758 3764 826 3847 tibi,
850 3766 1009 3846 quomedo
1024 3767 1143 3834 factum
1158 3770 1210 3854 sit,

62 3876 101 3936 ut
122 3867 277 3934 Aelianus
306 3866 431 3931 initium
458 3865 556 3931 lexici
585 3864 626 3931 de
657 3885 719 3949 que
744 3866 849 3949 agitur
871 3863 1082 3935 exhauriendi
1104 3891 1167 3938 non
1190 3892 1212 3939 a

62 3970 115 4053 τῷ
138 3993 159 4031 α
183 3970 345 4050 στοιχείῳ,
368 3965 427 4032 sed
448 3987 469 4032 a
490 3967 640 4033 lemmate
664 3962 731 4050 ζῷα
753 3968 905 4052 inscripto
921 3969 1064 4054 duxerit3
1087 3972 1213 4040 scilicet
