2714 4500
112 289 159 345 De
176 290 298 346 fontibus
316 290 415 360 quibus
427 289 557 343 Aelianus
574 288 602 342 in
614 287 692 343 uaria
703 287 817 343 historia
829 286 1014 357 componenda
1025 300 1093 367 usus
1104 285 1147 339 sit.
1177 282 1236 341 127

88 463 147 526 καὶ
163 463 297 542 πρῶτος
312 459 375 548 ἐφη
393 460 460 524 κτλ.
497 461 654 528 Secuntur
675 461 805 526 inuenta
819 452 1024 544 Protagorae.
1056 456 1240 523 Frustulum

90 566 191 650 igitur
212 583 247 629 se
261 564 421 631 Fauorino
440 561 558 646 debere
577 562 697 646 apertis
718 562 827 628 uerbis
850 560 1161 642 conlitetnr310curn
1184 557 1239 640 qui

92 666 237 749 sequitur
257 653 407 731 luculent
385 665 541 730 tissimum
564 664 669 730 eidem
691 664 831 731 tribuere
852 663 963 729 noluit.

180 768 264 833 Dein
286 765 487 832 confirmatur
509 765 542 832 id
565 766 651 850 quod
672 766 778 832 Maass
801 765 1036 831 demonstrasse
1059 763 1121 830 sibi
1151 759 1240 825 uide·

92 877 153 953 tur,
170 869 393 953 cognominum
408 868 530 934 indices
546 867 764 950 Diogenianos
779 867 931 933 Fauorini
946 885 1027 933 esse.
1057 865 1107 928 De
1125 859 1240 944 quibus

93 974 128 1038 in
150 994 178 1038 o.
202 971 233 1036 h.
257 971 408 1054 scriptum
432 970 530 1036 fuisse
554 971 650 1036 etiarn
672 990 712 1034 ex
735 989 766 1034 ιι.
782 968 814 1033 h.
829 968 903 1052 XII,
920 970 960 1032 35
987 965 1158 1032 didicimus
1187 961 1239 1038 (cf.

93 1097 125 1159 p.
143 1079 203 1150 77).
240 1073 313 1139 Vox
336 1080 443 1138 autem
464 1072 607 1155 πρῶτος,
631 1091 695 1154 qua
717 1072 847 1154 quidem
862 1071 1055 1136 Fauorinum
1078 1071 1240 1161 auctorem

94 1176 186 1259 argui
207 1175 303 1241 modo
319 1174 468 1257 diximus,
491 1193 712 1256 nonnusquam
734 1159 832 1239 etiam
853 1173 886 1237 in
908 1169 1110 1254 homonymis
1132 1185 1241 1232 occur-

93 1279 152 1360 rit,
179 1278 267 1342 uelut
288 1277 322 1341 in
342 1276 397 1359 IV,
414 1278 470 1358 58,
493 1275 531 1358 V,
549 1277 604 1358 85,
627 1274 713 1358 VIII,
730 1279 770 1339 47
800 1275 950 1359 (H,112).
981 1271 1142 1353 'Denique
1164 1287 1241 1350 quo-

95 1381 182 1444 niam
198 1383 322 1444 constat
335 1378 463 1442 lexicon
478 1376 618 1460 Diogeni
632 1382 760 1460 praesto
775 1378 884 1459 luisse,
907 1394 1012 1441 nonne
1033 1373 1083 1438 illi
1104 1369 1242 1451 catalogi

94 1481 242 1565 proxime
258 1479 301 1543 ad
315 1478 457 1544 indolem
479 1478 552 1543 talis
574 1478 648 1542 libri
669 1477 849 1544 accedunt?
886 1477 955 1542 Hcs
975 1481 1082 1541 autem
1104 1489 1243 1538 commu-

95 1602 170 1647 nem
192 1583 308 1662 locum,
330 1579 465 1645 fortasse
487 1598 512 1645 s.
528 1598 558 1643 u.
575 1570 761 1663 ὁμώνυμοι,
784 1580 852 1645 illic
875 1597 1049 1662 occupasse
1071 1573 1179 1640 nescio
1202 1591 1244 1635 an

95 1682 172 1748 inde
195 1681 410 1764 colligendum
432 1681 486 1760 sit,
511 1680 597 1762 quod
619 1680 660 1746 de
683 1680 865 1747 definiendo
887 1678 1150 1756 Periandrcrum,
1172 1672 1243 1737 Mil-

96 1785 273 1866 tiadarum,
303 1781 516 1867 Sibyllarum,
549 1782 722 1866 Rapidum,
755 1783 927 1848 liberorum
956 1780 1082 1847 Niobae
1111 1794 1244 1842 numero

96 1886 251 1951 Aelianus
274 1904 316 1950 ex
338 1904 366 1949 o.
390 1882 420 1947 h.
444 1884 588 1966 pendens
617 1884 692 1950 libri
714 1883 778 1948 XII
807 1885 966 1967 capitibus
987 1886 1027 1948 35
1044 1888 1076 1946 et
1091 1881 1130 1944 36
1155 1897 1245 1943 con-

98 1988 224 2052 tinuIs
248 1985 387 2069 exponit.

183 2088 272 2153 Libri
294 2087 342 2151 HI
364 2085 559 2170 paragraphi
575 2089 700 2150 26—35
723 2088 768 2151 ita
789 2086 971 2169 cohaerent,
994 2094 1028 2152 ut
1050 2086 1113 2151 sint
1135 2082 1176 2148 de
1199 2083 1245 2146 in-

99 2189 189 2256 uidia
205 2209 269 2272 qua
291 2189 404 2277 cchci
427 2195 459 2252 et
480 2187 666 2273 philosophi
682 2190 849 2254 Platonem
872 2189 1056 2271 carpserint.
1091 2185 1246 2266 Sumptae

100 2299 172 2359 sunt
195 2311 236 2356 ex
259 2288 397 2373 quadarn
427 2291 617 2372 omnigenae
646 2288 799 2356 historiae
828 2297 934 2373 parte,
963 2309 1059 2372 quam
1087 2284 1246 2351 uocabulo

99 2391 195 2478 χλεύη
220 2394 289 2458 siue
312 2387 418 2474 ’ἔχθρα
440 2391 613 2456 inscribere
636 2390 715 2456 mihi
737 2392 842 2458 liceat.
877 2390 981 2469 Quam
1004 2389 1160 2472 originem
1183 2386 1246 2450 cla-

100 2501 189 2560 mant
204 2515 276 2560 cum
291 2493 470 2575 aequalitas
491 2493 555 2558 loci
571 2498 636 2557 tum
653 2513 735 2576 quae
758 2497 776 2570 ξ
793 2497 832 2557 34
855 2499 1008 2559 tractatur
1022 2486 1247 2573 Xenophontis

101 2597 133 2660 in
155 2597 323 2662 Platonem
346 2594 589 2678 malcuclentia‚
620 2594 661 2660 de
683 2615 748 2678 qua
769 2596 845 2661 uide
866 2616 899 2678 p.
917 2598 1052 2675 114sq.‚
1081 2590 1246 2655 Fauorini-

102 2718 163 2780 que
179 2717 294 2763 nomen
309 2704 341 2762 et
356 2702 429 2761 ante
446 2698 494 2774 (ξ)
510 2698 551 2759 24
567 2703 599 2762 et
614 2699 666 2774 25)
689 2704 720 2763 et
742 2704 816 2782 post
838 2717 910 2762 eum
933 2699 963 2774 (§
980 2697 1031 2772 37)
1054 2693 1246 2776 appositum.

101 2800 248 2866 Gemella
269 2801 421 2864 lemmata
443 2799 679 2881 exscripserunt
693 2799 857 2882 Diogenes
875 2800 932 2864 ll.
953 2806 985 2863 et
998 2794 1183 2861 Athenaeus
1199 2794 1247 2858 XI
1279 2855 1280 2858 ,

102 2903 347 2982 sctit-1203
381 2897 442 2964 hic'
460 2919 542 2981 quae
571 2901 630 2966 sub
658 2921 738 2967 uoce
767 2897 949 2987 ζηλοτυπία
978 2900 1020 2966 de
1042 2897 1186 2962 Platonis
1214 2896 1248 2959 in

102 3004 184 3068 alios
213 3002 336 3067 Inuidia
358 3000 541 3083 exstabant,
572 3021 654 3084 quae
677 3003 735 3068 sub
758 3022 838 3069 uoce
864 2999 962 3087 χλεύη
986 3003 1055 3068 siue
1078 2995 1183 3081 ’ἔχθρα
1206 2996 1248 3062 de

103 3104 240 3169 aliorum
262 3104 296 3167 in
317 3103 486 3168 Platonem
507 3103 630 3168 inuidia
652 3105 717 3170 ille.

177 3206 261 3269 Raro
274 3211 386 3284 autem,
393 3205 590 3275 continentes
605 3212 713 3290 partes
725 3207 888 3289 Diogenes
904 3225 945 3270 cx
956 3203 1107 3270 Fauorini
1122 3202 1248 3266 miscel·

102 3307 204 3372 laneis
228 3305 435 3390 deprompsit.
479 3306 579 3372 Immo
605 3308 639 3372 in
661 3308 762 3373 multa
791 3308 925 3373 frustula
953 3326 993 3372 ea
1020 3303 1190 3388 discerpsit
1217 3308 1250 3367 et

104 3410 242 3474 inuicem
270 3408 411 3492 inspexit
433 3428 647 3492 magnamque
670 3430 801 3494 operam
823 3411 857 3474 in
880 3408 1067 3475 euoluendis
1090 3407 1129 3471 iis
1152 3409 1249 3487 atque

103 3510 339 3594 perscrutandis
367 3510 482 3593 posuit.
532 3510 616 3575 Nam
644 3511 776 3576 inuenta
803 3510 1068 3595 philosophorum
1099 3528 1140 3573 ex
1168 3526 1249 3572 uoce

105 3612 240 3696 πρῶτος
267 3617 394 3696 sumpta
415 3612 588 3679 admodum
609 3612 698 3679 uarie
722 3633 781 3697 per
802 3633 912 3680 omnes
940 3613 1039 3679 libros
1062 3610 1196 3694 digessit
1218 3615 1250 3674 et

105 3735 146 3780 ex
167 3714 388 3799 copiosissimo
409 3715 560 3780 lemmate
575 3733 655 3780 uoce
673 3709 780 3778 παιὰν
794 3721 903 3781 notato
926 3715 977 3792 (cf.
993 3713 1066 3779 Ath.
1080 3712 1140 3777 XV
1157 3732 1182 3777 c.
1196 3713 1248 3788 51)

106 3816 209 3881 solum
223 3814 405 3880 Aristotelis
420 3813 574 3898 hymnum
589 3817 799 3883 transcribere
815 3819 892 3884 satis
913 3817 1026 3884 habuit
1048 3817 1097 3898 (V,
1111 3818 1157 3898 7);
1181 3833 1250 3880 eas·

107 3916 243 3999 demque
272 3935 508 3999 nonnumquam
537 3936 590 3984 res
618 3919 671 3983 uel
699 3919 742 3984 ad
771 3919 915 3986 diuersos
942 3920 1031 3986 locos
1053 3918 1251 4002 singulorum

106 4018 258 4084 Fauorini
280 4019 541 4103 compendiorum
564 4020 613 4102 (V,
626 4021 679 4096 76)
702 4022 755 4087 uel
777 4022 820 4086 ad
842 4021 1042 4088 coniunctam
1060 4021 1250 4101 omnigenae
