2714 4500
133 235 181 291 De
201 237 336 293 fontibus
354 237 450 308 quibus
462 238 594 296 temnus
611 239 640 294 in
651 240 729 295 uaria
740 240 854 295 historia
870 244 1055 311 componenda
1065 259 1131 300 usus
1144 245 1187 300 sit.
1225 246 1264 306 37

96 413 219 498 χρῆμα
259 395 319 477 οἶν
359 401 586 496 ὀνειροπολεῖν
622 408 681 477 τδν
708 410 744 476 δὲ
764 425 898 497 γενναῖα
919 412 1122 481 πιστεύοντα
1141 417 1266 499 μᾶλλον

102 511 281 593 θάνατον,
310 510 437 579 εἰδυῖαν
459 511 492 590 ἐς
514 505 533 580 δ’
555 538 590 580 τι
610 525 681 589 τοῖς
708 511 823 580 διὰτὸ
847 517 988 602 θαρρεῖν
1011 509 1049 583 οὗ
1072 514 1267 605 astyaces

100 619 332 704 χρησομένοις
348 608 430 702 αὐτῇ
444 618 572 702 neptae
588 616 681 680 λοσι-
708 615 968 702 φιλοφροσύνας.
1016 619 1018 623 ”
1053 650 1060 658 ·

105 714 208 802 τελὴς
239 710 338 783 εἶναι.
376 715 538 784 ἐοίκασι
566 715 608 781 δὲ
636 716 681 801 τῇ
841 738 845 747 ’

108 813 146 884 tl
171 820 215 904 τῇ
235 815 409 884 Αἰσώπου
432 817 682 900 οἱτύραννοι
754 896 756 901 ,

108 915 363 996 ὑποπτεύοντες
403 921 459 986 καὶ
496 918 682 995 δεδοικότες

111 1021 245 1087 πάντα·
274 1020 372 1088 ἰ’σασι
396 1019 459 1108 γὰρ
487 1014 539 1087 ὅτι
566 1012 680 1105 ὥσπερ

114 1111 172 1190 οὖν
196 1123 232 1190 αἱ
248 1117 287 1200 ὗς
301 1115 478 1210 ὀφείλουσι
491 1125 548 1188 καὶ
562 1120 681 1188 ἐκεῖνοι

113 1224 174 1312 τὴν
196 1222 307 1312 ψυχὴν
329 1227 445 1291 ττᾶσιν.

203 1363 373 1446 Utrimque
395 1361 541 1428 uidemus
560 1367 712 1446 mannos
728 1382 799 1428 cum
813 1362 925 1430 bestiis
940 1364 1038 1430 simili
1052 1367 1176 1431 ratione
1191 1387 1264 1433 con·

114 1465 200 1531 ferri.
252 1462 375 1542 Quodsi
402 1469 468 1528 tam
490 1463 610 1528 multae
636 1470 730 1529 notae
752 1465 833 1530 inter
856 1464 1061 1532 Plutarchum
1084 1473 1115 1532 et
1135 1468 1264 1535 Aeliani

114 1567 208 1632 uaria
231 1565 438 1649 conueniunt,
461 1565 543 1631 haec
563 1563 712 1631 uidentur
733 1566 819 1631 illius
841 1571 980 1632 aetatem
1002 1569 1134 1652 spirare.
1192 1564 1196 1578 “

203 1665 294 1744 Quae
316 1687 388 1733 cum
410 1668 456 1732 ita
477 1667 549 1750 sint,
572 1672 718 1732 auctores
733 1666 860 1733 Aeliani
883 1668 915 1733 in
936 1688 1067 1736 numero
1083 1689 1192 1736 eorum
1209 1672 1264 1755 qui
1326 1706 1335 1781 Χ

116 1775 191 1855 post
205 1768 385 1850 Augustum
406 1770 460 1835 uel
482 1768 564 1835 adeo
587 1768 646 1833 sub
668 1768 838 1854 imperium
852 1768 1010 1836 Hadriani
1026 1769 1149 1840 Graece
1165 1773 1263 1858 scrip·
1331 1788 1335 1799 ’

118 1874 227 1938 serunt
247 1870 357 1935 latent.
824 1873 827 1886 '

673 2009 702 2072 4.

201 2144 246 2209 Hi
274 2143 437 2209 cuiusnam
463 2141 588 2224 generis
609 2141 726 2206 fuerint
748 2160 766 2206 e
789 2139 999 2224 dispositione
1021 2148 1053 2208 et
1075 2152 1262 2226 argumento

116 2247 228 2312 uariae
256 2243 409 2310 historiae
435 2242 571 2309 facultas
601 2247 649 2308 est
679 2241 900 2325 cognoscendi.
946 2243 1076 2327 Duplex
1108 2247 1192 2310 enim
1214 2254 1264 2313 est

115 2349 196 2414 ratio
227 2346 414 2413 lemmatum
442 2364 460 2410 e
490 2344 604 2428 quibus
633 2343 810 2426 composita
832 2348 888 2408 est.
933 2342 1060 2425 Altera,
1084 2344 1124 2410 de
1148 2347 1262 2427 quibus

114 2450 223 2532 priore
237 2449 310 2513 loeo
327 2447 386 2512 erit
401 2445 570 2530 agendum,
587 2444 744 2510 continuis
760 2450 905 2510 constant
919 2446 1162 2529 sanctionibus,
1179 2467 1262 2530 quae

113 2570 174 2634 per
197 2569 232 2616 so
255 2547 446 2614 exhibentur
467 2566 572 2629 neque
595 2546 721 2612 omnino
745 2566 817 2611 cum
839 2547 954 2613 uicinis
970 2543 1150 2613 cohaerent.
1185 2548 1263 2614 Ver-

114 2657 226 2718 santur
254 2655 363 2716 autcm
384 2649 541 2733 imprimis
563 2649 596 2714 in
617 2647 793 2714 historiolis
815 2646 857 2712 ad
880 2646 1145 2732 philosophorum
1167 2651 1262 2736 uitas,

114 2752 233 2836 mores,
255 2751 389 2818 facetias
411 2749 637 2835 spectantibus.
674 2750 846 2816 Praeterea
868 2750 1028 2834 pertinent
1042 2749 1085 2815 ad
1101 2751 1262 2819 doctrinas

113 2855 329 2938 grauioraque
351 2853 471 2938 placita
493 2850 767 2936 philosophorum,
790 2850 832 2917 ad
852 2871 903 2918 res
918 2851 1051 2935 AttIcas,
1074 2853 1262 2938 Laconicas,

113 2956 273 3039 Persicas,
286 2953 473 3038 Aegyptias,
490 2952 684 3036 Sicilienses,
697 2953 875 3019 Alexandri
885 2953 1003 3037 Magni,
1015 2953 1058 3019 ad
1068 2957 1261 3040 meretrices,

113 3058 287 3140 luxuriam,
310 3075 461 3137 amorem,
485 3054 528 3120 ad
549 3073 601 3120 res
622 3055 794 3139 mirabiles,
814 3055 930 3140 ¹quales
954 3054 1084 3137 quidem
1099 3057 1262 3142 scriptori·

112 3161 173 3227 bus
196 3153 496 3244 παραδοξογράφοι
517 3159 640 3223 uocatis
661 3158 695 3221 in
717 3155 842 3222 deliciis
865 3175 936 3222 esse
958 3157 1114 3240 solebant,
1137 3157 1180 3222 ad
1194 3159 1261 3241 pic-

112 3267 210 3344 tores,
234 3259 278 3325 ad
291 3258 477 3341 Homerum,
495 3256 544 3329 ad
564 3259 744 3342 prouerbio,
768 3256 811 3322 ad
827 3257 1075 3341 descriptionem
1090 3264 1261 3342 terrarum;

113 3361 256 3444 denique
278 3359 378 3426 habes
400 3359 575 3426 rhetoricas
595 3379 701 3424 rerum
724 3359 927 3424 hominumue
943 3358 1174 3442 descriptiones
1196 3357 1262 3436 (ὲκ-

114 3458 270 3550 φράσεις)
292 3461 325 3526 in
347 3461 388 3543 II,
411 3465 461 3545 44,
484 3462 541 3544 ΠΙ,
567 3466 594 3542 1,
617 3459 690 3544 XII,
716 3465 743 3545 1,
766 3460 855 3543 XIII,
874 3464 901 3543 1,
925 3459 1039 3542 quibus
1061 3461 1178 3543 partim
1200 3461 1260 3527 ad-

111 3562 347 3632 numerandum
369 3568 418 3629 est
438 3564 496 3646 IX,
520 3564 569 3626 16.

198 3666 271 3732 Iam
293 3664 333 3730 iis
356 3682 438 3747 quae
453 3664 604 3730 Aelianus
628 3663 770 3729 consulto
794 3661 947 3727 disiunxit
961 3662 995 3726 in
1009 3682 1072 3728 uno
1089 3672 1262 3748 conspectu

113 3769 230 3852 positis
246 3765 417 3832 coniecerit
431 3765 591 3848 quispiam
605 3765 672 3830 fere
688 3771 735 3831 tot
748 3765 851 3830 fontes
865 3763 1035 3847 primarios
1052 3783 1125 3829 eum
1140 3765 1260 3833 adiIsse

116 3875 192 3953 quot
213 3865 392 3952 praecipua
413 3867 591 3949 argumenti
613 3885 731 3949 genera
752 3864 848 3931 modo
871 3870 1056 3930 enumerata
1079 3872 1168 3948 sunt,
1191 3868 1261 3932 siue

116 3990 188 4061 eum
220 3966 328 4032 multis
357 3966 482 4049 scriptis
510 3968 725 4051 peculiaribus
753 3965 917 4033 exhaustis
939 3965 1023 4032 hano
1045 3967 1136 4033 illam
1159 3968 1262 4032 uarie·
