2714 4500
105 235 147 293 so
516 193 517 196 Ὺ
569 232 647 287 nem
665 231 792 300 nunorpu

108 411 186 476 item
215 413 312 489 atque
340 405 406 470 alia
427 405 528 483 multa
550 405 729 470 istiusmodi
752 405 871 489 scripta
893 407 926 470 in
949 425 986 471 eo
1009 406 1092 472 libro
1115 406 1255 475 fuerunt.

107 509 208 588 Quem
232 529 304 574 oum
326 508 433 573 statim
455 527 630 592 properans
653 507 838 590 redderem,
864 499 973 571 ‘droco
999 500 1086 592 occ-',
1109 509 1252 591 inquam,

104 606 307 678 ‘doctissime‘
325 608 479 692 uirorum,
508 605 630 694 ταύτης
652 609 710 693 τῆς
733 608 952 690 πολυμαθίας
975 615 1007 676 et
1028 611 1145 675 librum
1168 609 1253 674 hunc

107 712 384 797 opulentissimum
405 710 523 794 recipe,
545 710 592 775 nil
614 730 742 794 prorsus
765 710 808 776 ad
829 717 953 779 nostras
975 711 1185 796 paupertinas
1203 711 1252 775 lit-

107 821 191 880 teras
214 817 450 895 congruentem.
488 812 571 877 Nam
592 831 684 878 meac
706 818 825 896 noctes,
850 833 928 895 quas
950 813 1138 879 instructum
1161 833 1251 878 orna·

106 922 237 998 tumque
258 915 322 996 isti,
345 913 386 979 de
403 934 466 979 uno
482 915 621 980 maxime
636 915 693 980 illo
709 934 804 980 uersu
818 914 950 980 Homeri
966 921 1133 998 quaerunt,
1158 934 1252 997 quem

107 1017 255 1083 Socrates
280 1035 358 1099 prae
380 1016 527 1082 omnibus
550 1035 676 1100 semper
697 1017 792 1082 rebus
815 1018 876 1083 sihi
900 1037 970 1084 esse
993 1016 1084 1084 cordi
1107 1016 1251 1083 dicebat:

197 1108 291 1182 Ὅττι
311 1139 366 1181 τοι
389 1113 423 1180 ἓν
443 1114 620 1200 μεγάροισι
641 1115 741 1182 κακόν
763 1111 793 1180 τ’
813 1110 945 1202 ἀγαθόν
966 1141 1002 1182 τε
1024 1120 1189 1181 τέτυκται.

192 1221 305 1301 Itaque
334 1220 504 1300 omnigena
531 1218 665 1286 historia
686 1221 838 1286 Fauorini
867 1225 934 1285 erat
957 1220 997 1286 de
1020 1219 1250 1302 incentoribus,

106 1321 146 1387 de
170 1321 409 1404 quaestionibus
423 1320 614 1405 Homericis,
637 1322 678 1388 de
700 1323 794 1388 rebus
815 1321 1050 1406 geographicis,
1076 1321 1117 1386 de
1141 1320 1250 1386 homo·

105 1426 219 1507 nymis,
243 1423 284 1488 de
306 1423 513 1506 animalibus;
538 1423 673 1488 eandem
694 1425 853 1508 imprimis
874 1423 918 1488 ad
939 1424 1178 1507 appellationes
1198 1443 1250 1488 ex·

104 1524 271 1608 plicandas
293 1526 485 1608 pertinuisse
507 1524 641 1591 Photius
664 1527 696 1589 in
720 1526 830 1592 codice
854 1524 956 1590 CLXI
977 1531 1125 1590 testatur:
1152 1521 1186 1587 ἐν
1203 1520 1252 1597 οἷς

104 1624 263 1712 διάφοροι
293 1624 439 1710 ἱστορίαι
465 1626 522 1689 καὶ
550 1628 617 1690 τῶν
645 1623 793 1690 κατὰτὰ
817 1618 964 1707 ὀνόματα
986 1628 1118 1689 θέσεων
1143 1623 1250 1688 αἰτιο·

105 1727 216 1812 λογίαι
237 1727 293 1790 καὶ
315 1728 454 1790 τοιαῦτα
478 1724 582 1813 ἕτερα.
605 1725 654 1804 οἷς
677 1724 697 1791 ἃ
720 1728 776 1791 καὶ
798 1721 815 1792 ὃ
839 1731 951 1813 τρίτος
975 1719 1064 1811 αὕτη]
1087 1729 1170 1804 (scil.
1195 1727 1249 1793 So-

104 1833 209 1915 patro)
227 1832 487 1912 σομπεραίνεται
504 1826 609 1914 λόγος.
639 1831 833 1913 Fragmenta
847 1829 942 1895 huius
957 1830 1031 1895 libri
1046 1829 1252 1911 Diogeniana

104 1936 249 2015 spectant
278 1930 321 1995 ad
349 1931 432 1996 uitas
462 1937 493 1995 et
522 1930 657 1996 dicteria
684 1930 950 2015 philosophorum
979 1932 1115 1996 etitem
1137 1931 1184 1996 ad
1206 1932 1250 1995 in·

103 2039 216 2115 uenta;
250 2053 289 2098 ea
318 2051 399 2115 quae
428 2050 487 2116 per
509 2031 708 2117 Stephanum
729 2034 920 2117 Byzantium
950 2039 1078 2098 seruata
1107 2038 1182 2098 sunt
1209 2031 1252 2098 ad

103 2134 352 2218 descriptionem
374 2140 537 2199 terrarum.
580 2134 694 2217 Neque
717 2134 850 2201 deerant
872 2137 917 2201 ibi
932 2136 1019 2200 iacta
1032 2134 1200 2218 historica,
1224 2136 1251 2200 si

103 2236 232 2320 quidem
256 2235 437 2321 Stephanus
460 2255 485 2301 s.
507 2254 538 2300 u.
566 2232 774 2319 Τετράπολις
804 2237 854 2303 his
883 2237 989 2302 uerbis
1012 2256 1088 2302 usus
1112 2242 1177 2302 est:
1207 2230 1252 2311 ὡς

104 2342 301 2424 Φαβωρῖνος
330 2334 365 2401 ἐν
392 2334 517 2421 πρώτῳ
548 2336 767 2425 παντοδαπῆς
792 2329 871 2424 ὅλης
895 2338 1118 2424 ἱστορικῆς.
1166 2337 1252 2416 Quid

102 2441 223 2506 multa?
251 2440 359 2505 Titulo
381 2440 452 2523 ipso
475 2438 627 2506 docemur
641 2461 692 2507 res
707 2442 813 2507 uarias
829 2461 847 2507 e
863 2440 1043 2524 disciplinis
1058 2442 1160 2507 uariis
1177 2462 1251 2508 con·

103 2548 211 2626 gestas
233 2542 279 2607 ihi
302 2541 536 2624 conglutinatas
557 2543 665 2608 fuisse.

187 2643 238 2708 De
271 2643 454 2709 discrimine
483 2643 568 2725 quod
598 2645 680 2710 inter
708 2645 952 2711 commentarios
983 2649 1015 2709 et
1044 2645 1251 2727 omnigenam

101 2744 268 2810 historiam
291 2743 468 2809 intercedat
489 2744 677 2825 Nietzsche‚
701 2746 752 2811 cui
773 2744 835 2811 hoc
858 2745 989 2828 quidem
1009 2745 1081 2810 loco
1104 2745 1250 2830 adstipu-

101 2847 160 2929 lor,
183 2844 264 2911 haec
280 2845 359 2911 dicit
369 2849 393 2910 ¹:
413 2839 568 2912 ‘Primum
584 2853 708 2914 constat
723 2853 755 2912 et
770 2838 1097 2933 ἀπομνημονεύματα
1114 2853 1146 2913 et
1160 2871 1249 2911 παν-

101 2943 427 3033 τοόαπὴνίστορίαν,
451 2949 478 3014 si
494 2969 649 3014 summam
665 2955 800 3033 spectas,
817 2951 871 3014 uni
887 2948 1055 3030 eidemque
1070 2949 1251 3016 litterarum

101 3051 211 3133 generi
239 3048 453 3114 adscribenda
481 3069 569 3133 esse,
597 3043 859 3136 hnoprvqpaccaqi
881 3051 1004 3116 scilicet
1019 3100 1026 3114 .
1044 3099 1051 3114 .
1069 3099 1101 3114 ..
1126 3049 1196 3117 Sed
1217 3052 1250 3116 in

100 3152 162 3218 hac
183 3153 286 3217 maior
308 3170 412 3216 rerum
434 3153 623 3236 aequalitas,
646 3154 804 3219 similibus
827 3172 954 3235 semper
975 3152 1071 3218 rebus
1093 3154 1128 3217 in
1149 3173 1249 3218 unum

101 3255 207 3320 locum
230 3254 399 3336 congestis,
423 3252 522 3318 ueluti
545 3254 683 3320 inuentis
707 3260 739 3320 et
761 3253 986 3337 cognominum
1002 3253 1174 3321 indicibus.
1213 3255 1250 3320 In

101 3357 166 3421 illis
189 3375 312 3421 summa
333 3356 513 3436 argumenti
536 3356 674 3422 uarietas
689 3358 778 3423 nullo
795 3355 922 3422 omnino
939 3355 1051 3421 ordine
1066 3362 1250 3440 temperata

101 3455 217 3539 hisque
240 3457 317 3523 solis
339 3454 493 3521 adstricta
514 3455 650 3540 legibus,
678 3459 793 3540 quibus
815 3457 895 3522 talia
918 3447 1250 3544 ἀπομνημονεύματα

100 3558 204 3623 solent
226 3558 390 3640 adstringi.
425 3555 590 3640 Quidquid
612 3561 698 3624 enim
720 3560 753 3624 in
775 3559 836 3625 hoc
851 3559 933 3623 libro
949 3560 1107 3642 exstabat,
1132 3559 1250 3626 eodem

100 3660 168 3723 iure
198 3661 294 3725 etiam
315 3660 350 3723 in
379 3660 550 3741 omnigena
572 3657 704 3725 historia
727 3667 853 3727 exstare
875 3665 1052 3742 poterat:
1082 3683 1149 3728 non
1171 3682 1251 3729 uero

101 3763 291 3826 contrarium
307 3762 403 3827 statui
420 3760 525 3826 debet.
555 3760 649 3826 Velut
664 3782 757 3828 omne
773 3762 913 3827 indicum
925 3781 1026 3844 genus
1038 3764 1080 3828 ab
1093 3756 1251 3852 ἀπομνη-

100 3861 313 3944 μονευμάτων
337 3862 470 3927 consilio
494 3860 638 3946 dissidet,
661 3884 724 3929 non
745 3863 787 3929 ab
811 3864 981 3946 omnigena
1002 3859 1167 3933 historia'.

187 3999 210 4057 η
228 3993 259 4046 n.
273 3993 290 4046 1.
310 3989 445 4061 xxrnp.
464 3997 522 4046 ors.
