2714 4500
109 187 148 246 26
569 185 646 240 Felix
663 184 790 254 Rudolph

109 367 143 426 ut
165 361 245 426 alios
266 365 475 445 praeteream,
499 359 552 441 qui
572 359 710 423 maxime
733 377 803 424 cum
818 355 954 422 Aeliano
978 356 1175 440 conspirant
1190 356 1253 421 Pln-

109 460 246 545 tarohus,
273 468 383 527 auctor
404 460 710 544 apophthegmatum
727 478 809 543 quae
824 456 987 524 Plutarchi
1002 458 1140 524 nomine
1157 459 1253 524 ferun·

110 570 168 647 tur,
192 564 354 646 Diogenes
371 563 528 645 Laertius,
552 596 589 606 -
615 561 761 626 Valerius
776 561 944 642 Maximus,
968 559 1107 643 Plinius,
1135 559 1253 625 Gellius
1287 626 1289 643 ,

109 666 149 731 ab
173 685 210 730 66
233 665 378 730 manibus
400 684 463 729 non
486 663 611 729 11661611
634 669 714 728 sunt.
757 663 901 745 Longum
923 667 971 728 est
992 679 1253 744 unumquemque

37 768 43 819 l
107 767 291 850 scriptorem
320 765 505 850 singillatim
533 785 551 830 e
579 783 709 829 numero
738 769 901 829 auctorum
931 764 998 828 eius
1026 763 1252 848 primariorum

105 887 279 934 remouere.
316 868 429 934 Fidem
450 869 585 950 postulo.
616 869 659 934 Ut
681 873 787 932 autem
808 873 971 949 appareat,
996 884 1061 948 qua
1084 883 1252 946 argumen-

107 970 195 1035 tandi
217 970 339 1035 rat-lone
362 990 436 1036 usus
455 969 534 1035 illud
549 970 701 1035 iudicium
717 969 851 1051 tulerim,
874 968 996 1051 aliquot
1011 970 1170 1052 exempla
1185 987 1251 1053 pro

106 1071 253 1136 ferentur.

191 1173 347 1239 Conuenit
368 1195 398 1239 u.
411 1173 441 1238 h.
458 1175 498 1257 Π,
517 1178 556 1236 14
579 1193 649 1240 cum
666 1172 821 1238 Herodoti
835 1173 856 1235 l.
873 1171 934 1237 VII
949 1171 1054 1254 capite
1072 1174 1131 1254 313
1156 1173 1196 1256 V,
1216 1176 1246 1235 11

107 1295 177 1340 cnm
200 1276 318 1342 Herod.
334 1276 420 1359 VIII,
438 1279 514 1359 1163
538 1276 623 1359 VIII,
642 1280 680 1338 17
704 1295 775 1341 oum
797 1273 916 1339 Herod.
932 1273 985 1356 VI,
1003 1276 1042 1336 24
1067 1280 1100 1339 61
1114 1275 1176 1358 ΙΠ,
1193 1279 1249 1340 133

104 1381 225 1443 -137,
270 1377 335 1444 Sed
363 1384 397 1443 ut
426 1378 568 1443 omittam
596 1376 681 1459 quod
710 1376 772 1442 hac
800 1382 864 1442 tres
893 1375 1113 1441 tantummodo
1142 1378 1248 1443 uariae

108 1479 259 1546 historiae
282 1480 478 1546 narrationes
501 1479 549 1544 illi
570 1478 768 1544 manifestius
790 1477 986 1562 respondent
1001 1495 1125 1559 eaeque
1142 1479 1247 1544 uerbis

105 1580 190 1646 haud
219 1583 336 1647 leuiter
364 1583 406 1647 ab
435 1601 473 1647 eo
497 1581 703 1663 dissociatae,
734 1581 887 1646 Aelianus
912 1584 1083 1663 propterea
1107 1581 1196 1661 quod
1218 1582 1247 1645 in

106 1683 190 1765 VIII,
210 1686 247 1746 17
270 1684 437 1749 coniuncta
460 1682 591 1748 exhibet
612 1702 701 1768 quae,
717 1683 796 1748 locis
818 1681 905 1765 apud
927 1681 1016 1745 illum
1039 1681 1187 1748 maximo
1203 1683 1245 1746 in-

105 1785 238 1850 teruallo
261 1785 426 1851 disiunctis
449 1789 584 1866 exstant,
607 1783 634 1849 si
656 1783 786 1865 quidem
801 1782 967 1848 Athenaeo
987 1801 1027 1848 ex
1043 1782 1159 1849 ordine
1174 1803 1245 1850 usus

106 1889 170 1967 est,
199 1886 256 1950 illa
284 1887 390 1969 capita
412 1886 557 1968 quamuis
581 1884 743 1951 Herodoto
765 1883 896 1950 deberet
918 1890 1024 1950 tamen
1047 1902 1090 1948 ex
1113 1904 1153 1950 66
1178 1887 1244 1969 Ipso

104 2006 167 2050 non
190 1986 394 2071 deprompsit.

189 2085 270 2153 Sunt
291 2089 323 2153 in
346 2108 375 2153 u.
391 2088 422 2153 11.
443 2088 497 2169 IV,
521 2090 539 2152 8
562 2087 814 2155 ulcissitudinum
836 2088 981 2153 fortunae
1005 2089 1157 2170 exempla
1179 2109 1242 2172 sex,

104 2191 251 2256 nimirum
279 2211 320 2257 ex
346 2211 408 2258 uno
431 2190 607 2274 eodemque
630 2191 715 2256 fonte
737 2192 847 2275 petita.
892 2188 1032 2267 Quorum
1054 2190 1194 2254 alterum
1216 2196 1243 2256 et

104 2293 231 2359 tertium
253 2294 381 2359 nomine
403 2292 572 2376 Ellopidae
595 2292 705 2359 addito
729 2313 770 2358 ex
792 2292 941 2358 Isocratis
964 2289 1094 2357 Archid.
1112 2311 1168 2375 pp.
1188 2294 1242 2355 124

102 2398 227 2478 -116,
250 2397 375 2479 reliqua
397 2396 527 2461 aliunde
549 2395 663 2461 hausta
685 2401 766 2461 sunt.
809 2395 878 2458 Iam
900 2394 974 2458 illos
997 2391 1121 2459 indices
1146 2392 1242 2459 homi·

102 2517 177 2562 num
191 2499 364 2581 uoracium,
381 2497 585 2578 ebriosorum,
601 2498 776 2580 gracilium,
793 2496 846 2578 qui
863 2495 1013 2578 deinceps
1026 2494 1145 2561 inuh.
1158 2497 1243 2580 1,27,

101 2598 142 2681 H,
159 2603 209 2682 41,
232 2601 308 2682 x,o
332 2605 457 2665 exstant
479 2619 519 2664 ex
542 2619 604 2664 uno
619 2597 784 2662 Athenaeo
808 2603 974 2680 excerptos
998 2615 1068 2662 esse
1083 2597 1243 2664 recordati

104 2698 183 2765 haec
205 2704 355 2785 exempla
376 2700 417 2765 ab
433 2700 568 2766 Aeliano
592 2719 633 2764 ex
647 2699 787 2764 Isocrate
810 2699 946 2781 aliisque
968 2698 1155 2766 auctoribus
1174 2720 1244 2768 con·

103 2802 221 2883 quisita
243 2809 274 2867 et
297 2802 513 2884 conglutinata
535 2821 605 2867 esse
628 2801 757 2866 credere
781 2799 1005 2865 dubitabimus.

186 2904 328 2969 Eaedem
345 2902 453 2970 clades
464 2902 704 2968 Atheniensium
722 2908 753 2966 61
764 2922 793 2967 u.
807 2901 836 2966 h.
851 2902 887 2984 V,
903 2904 940 2966 10
954 2908 985 2968 et
998 2901 1095 2968 Isocr.
1108 2901 1153 2969 de
1166 2923 1246 2991 paee

100 3028 131 3091 p.
150 3010 188 3069 17
192 3009 220 3088 o,
238 3006 361 3069 85-87
379 3011 570 3071 enarrantur.
608 3004 674 3071 Sed
689 3006 777 3070 locus
791 3005 964 3070 Aelianeus
979 3023 1087 3088 pugna
1102 3002 1248 3073 0116616·

99 3108 190 3173 nensi
213 3113 389 3172 memorata
411 3107 466 3171 illo
482 3107 671 3172 luculentior
687 3112 749 3189 est;
772 3112 938 3190 practerea
952 3104 1055 3188 magis
1072 3125 1113 3171 ex
1130 3107 1247 3175 ordine

100 3210 303 3292 compositus.
341 3209 437 3292 Apud
452 3210 625 3275 Isocratem
648 3209 732 3274 enim
755 3207 945 3274 detrimenta
967 3214 1051 3272 terra
1065 3207 1246 3276 Athenien·

100 3311 187 3377 sibus
209 3312 299 3376 illota
320 3316 523 3377 recensentur
545 3311 646 3376 mixta
668 3331 739 3376 cum
760 3308 899 3391 marinis,
922 3309 989 3374 illic
1012 3328 1149 3376 seorsus.

184 3414 336 3480 Aelianus
364 3433 394 3478 u.
411 3412 442 3476 h.
473 3412 564 3496 VIII,
594 3415 613 3475 9
648 3412 753 3477 uerbis
781 3429 856 3476 usus
886 3410 1027 3476 Platonis
1057 3410 1183 3486 (Alcib.
1213 3413 1247 3479 Π

99 3532 130 3596 p.
157 3515 299 3590 lllDH)
327 3521 434 3580 narrat
455 3513 649 3580 Archelaum
671 3512 881 3579 Macedonum
902 3519 1070 3596 tyrannum
1092 3514 1245 3583 interfec-

100 3620 166 3679 tum
188 3635 257 3682 esse
279 3616 452 3682 aOrateua
473 3617 611 3698 amasio;
636 3635 730 3698 quem
753 3635 823 3680 curn
840 3620 987 3696 quattuor
1002 3615 1072 3681 dies
1086 3616 1243 3700 reipubli-

100 3734 157 3780 cae
184 3718 375 3798 praefuisset
404 3724 435 3782 et
457 3717 561 3801 ipsum
583 3715 708 3783 insidiis
731 3736 802 3783 esse
824 3717 992 3782 sublatum.
1037 3716 1121 3782 Dein
1143 3737 1242 3787 uersu

99 3815 237 3900 quodam
258 3817 428 3883 Homerico
451 3819 638 3902 interposito
657 3816 860 3883 Aristotelem
882 3823 1008 3884 secutus
1024 3818 1125 3901 (polit.
1142 3819 1182 3903 V,
1202 3823 1241 3884 10

97 3939 129 4003 p.
148 3918 250 3983 131lb
266 3937 295 3983 u.
312 3920 344 3994 6)
355 3919 473 4002 prioris
496 3918 605 3985 caedis
626 3937 754 3984 causam
770 3919 941 4002 subiungit.
975 3918 1114 3985 Gloriari
1129 3926 1240 3988 autem
