2714 4500
121 246 164 302 De
176 246 297 301 fontibus
315 246 412 321 quibus
426 231 553 300 Aelianus
572 245 601 301 in
619 242 695 298 uaria
707 245 821 299 historia
833 243 1021 311 componenda
1033 261 1099 300 ursus
1111 246 1155 300 sit.
1185 246 1245 305 123

96 419 155 483 καὶ
173 413 344 497 Ῥόδιον,
374 414 457 481 κατὰ
484 413 526 480 τὰ
550 407 608 480 αὖ·
636 412 809 491 ἐλάττονος
821 413 881 496 μὲν
893 413 1104 503 κεκοινώνηκε
1114 414 1249 480 θαλάσ-

95 519 141 586 τὰ
163 513 389 603 ὀνομάζοντες.
423 523 457 583 τί
476 517 531 600 δίς
553 515 610 583 οὐκ
628 536 712 604 σης,
742 511 759 582 δ
788 516 823 581 δὲ
852 513 958 592 πολίς
988 509 1088 582 αὐτοῦ
1118 510 1248 600 ἀχρεῖός

98 620 204 687 ἐκεῖνο
225 633 298 697 τοῖς
318 612 456 709 Ἕλλησι
483 622 611 707 τρυφῆς
637 615 737 683 ἐστιν.

100 716 293 802 ἀπόδειξις,·
320 721 413 838 μύρῳ
435 719 502 846 γὰρ
521 717 611 787 οἶνον
636 723 652 785 Ι
672 742 704 805 p
722 721 804 786 3211:
827 722 895 786 Καὶ
911 717 1034 807 ἑξῆςδέ
1049 740 1152 846 φησιν
1164 714 1248 784 ‘iou

96 822 321 909 μιγνύντες
352 815 458 900 ου’τως
485 822 610 903 ἐ’πινον,
637 846 698 898 τις
719 844 862 908 κεραση
879 820 1021 909 σκληρον
1035 848 1091 889 και
1106 816 1248 903 ευόσμον

98 952 155 992 και
145 921 503 1011 ὗπερησπάζοντο
467 950 526 1011 την
541 948 612 990 τοι·
637 925 776 1009 μαλακῷ
790 924 844 988 καὶ
861 916 968 1006 &oapi
939 949 988 1010 ιιιι,
1010 922 1169 1007 καθάπερ
1190 921 1249 989 τὸν

101 1026 345 1114 αύτηνκρᾶσιν·
363 1029 417 1092 καὶ
435 1024 611 1093 ἐκαλεῖτο
635 1022 866 1113 Ἡρακλεώτην
887 1027 942 1091 καὶ
964 1021 1023 1090 τὸν
1040 1019 1247 1111 Ἐρυθραῖον,

99 1124 118 1195 δ
142 1124 459 1216 οἶνοςΜυρίνης.
488 1132 612 1215 μέμνη-
637 1131 697 1194 τοῦ
718 1127 778 1211 μὲν
799 1125 859 1214 τῆν
880 1125 1107 1214 μαλακότητα,
1130 1128 1189 1191 τοῦ
1212 1124 1248 1191 δὲ

95 1255 158 1296 ται
191 1229 227 1295 δὲ
261 1221 362 1295 αὐτοῦ
398 1230 612 1296 Φιλιππί-
637 1226 697 1316 τῆν
712 1222 871 1313 εὐοσμίαν
885 1231 1121 1316 παρεχομένου.
1156 1233 1248 1293 Mo-

100 1331 173 1418 δης
195 1326 212 1396 ὁ
237 1333 294 1416 τῆς
315 1330 492 1417 κωμῳδίας
512 1355 613 1418 ποιη-
638 1335 754 1417 ρίνης
791 1329 832 1394 δὲ
866 1325 980 1407 σίνος
1015 1342 1122 1396 κεῖται
1154 1327 1248 1415 παρὰ

97 1433 169 1519 τῆς.
637 1430 918 1517 Ποσειδίππῳ
940 1426 1099 1518 διψηρὸς
1122 1425 1249 1509 δτοπος

638 1527 655 1597 δ
679 1537 833 1620 Μυρίνης
855 1529 872 1598 ὁ
896 1526 1024 1615 τίμιοςῖ

100 1639 202 1720 Sequi
224 1637 351 1703 uidetur
372 1635 573 1703 Athenaeum
597 1652 638 1700 ex
661 1637 832 1720 omnigena
854 1635 988 1703 historia
1009 1636 1249 1702 eommentatio·

98 1759 175 1805 nem
191 1738 351 1821 quandam
366 1737 408 1804 de
424 1738 506 1804 uinis
521 1738 741 1821 exscripsisse,
763 1757 867 1821 neque
888 1757 967 1804 uero
982 1737 1128 1819 eandem,
1152 1756 1248 1820 quam

97 1840 272 1905 Aelianum
294 1840 328 1904 in
349 1859 379 1904 u.
395 1837 427 1903 h.
443 1839 516 1923 XII,
533 1841 583 1903 31.
627 1839 711 1904 Nam
733 1836 795 1904 hoo
818 1845 914 1923 eaput
942 1858 1046 1922 aeque
1074 1859 1113 1904 ae
1141 1839 1250 1904 uieina

100 1961 144 2007 ex
166 1961 246 2006 uoee
268 1936 376 2026 τρυφὴ
404 1948 564 2024 sumptum
586 1962 656 2008 esse
678 1950 772 2026 puto,
801 1941 835 2006 id
859 1942 944 2024 quod
967 1942 1065 2007 etiam
1087 1940 1194 2008 uerbis
1216 1944 1250 2005 τί

101 2040 158 2121 ea·
181 2032 239 2104 οὐκ
261 2037 365 2105 ἐκεῖνο
387 2053 458 2117 τοῖς
471 2033 611 2128 Ἕλλησι
625 2044 752 2128 τρυφῆς
768 2034 943 2118 ἀπόδειξις
965 2043 1117 2125 arguitur.
1150 2040 1249 2108 Athe·

99 2163 201 2209 naeus
216 2143 313 2226 igitur
328 2143 362 2207 in
376 2143 457 2208 libro
473 2145 577 2226 primo
599 2144 748 2209 lemmate
772 2139 861 2219 οἶνος
876 2143 1019 2210 eiusdem
1039 2143 1137 2208 lexioi
1159 2143 1250 2210 uide·

101 2253 153 2312 tur
175 2265 250 2311 usus
269 2263 348 2310 esse.
387 2241 480 2320 Quod
503 2245 530 2309 si
552 2264 628 2311 uere
643 2246 798 2329 suspieor,
821 2242 998 2311 Fauorinus
1021 2244 1071 2309 bis
1092 2244 1133 2309 de
1156 2245 1250 2329 uinis,

100 2348 203 2413 fusius
225 2365 250 2412 s.
265 2365 296 2410 u.
313 2338 412 2427 οἶνος,
435 2346 539 2411 minus
562 2347 721 2412 cumulate
743 2366 768 2411 s.
784 2366 814 2411 u.
832 2340 939 2431 τρυφὴ
963 2345 1120 2428 exposuit.
1158 2344 1249 2411 Oete·

101 2468 172 2513 rum
201 2447 228 2512 si
250 2445 453 2528 quaestiones
475 2447 682 2530 Homericae,
712 2448 827 2530 quibus
854 2447 937 2513 liber
963 2447 1085 2529 primus
1114 2443 1250 2510 δειπνο-

103 2548 275 2634 σοφιστῶν
296 2554 415 2631 seatet,
443 2549 604 2615 Fauorino
626 2547 782 2614 debentur
794 2549 832 2630 ¹),
855 2549 1001 2613 uiuorum
1024 2566 1106 2629 quae
1128 2547 1250 2614 ibidem

102 2655 209 2716 exstat
221 2650 496 2716 commentationis
510 2652 665 2717 rationem
676 2650 837 2715 diuersam
847 2667 918 2715 esse
933 2648 1101 2730 probabile
1116 2669 1179 2714 non
1191 2655 1248 2715 est.

188 2749 452 2816 Effieaoissimum
475 2772 551 2818 uero
574 2758 795 2835 argumentum
818 2751 851 2815 in
872 2749 923 2816 his
945 2750 1085 2832 positum
1108 2757 1173 2817 est:

102 2850 215 2935 Steph.
224 2851 300 2935 Byz.
314 2872 338 2918 s.
347 2873 393 2917 u.:
410 2844 664 2937 Ἀλεξάνδρειαι,
682 2849 800 2927 πόλεις
814 2842 917 2915 ὀκτω-
943 2850 1018 2916 Ath.
1036 2851 1052 2916 Ι
1072 2873 1147 2936 pag.
1165 2852 1249 2919 33d:

103 2951 238 3016 καίδεκα
256 2988 293 2996 -
308 2949 346 3016 τδ
364 2948 498 3018 ἒθνικδν
510 2944 744 3036 Ἀλεξανδρεύς
758 2987 799 2996 -
814 2949 918 3016 Λίδυ-
936 2943 1010 3018 Ὅτι
1031 2947 1048 3016 δ
1062 2950 1251 3040 Μαρεώτης

103 3076 166 3135 μσς
182 3051 217 3117 δὲ
233 3055 462 3138 παρατίθεται
475 3055 591 3139 χρῆσιν
610 3050 645 3129 ἐξ
659 3045 919 3137 Ἐρατοσθένους
945 3048 1035 3130 οἶνος
1056 3047 1074 3118 δ
1096 3046 1251 3129 Ἀλεξαν-

103 3156 163 3219 τοῦ
174 3159 364 3241 Κυρηναίου
379 3151 416 3219 τὸ
434 3147 691 3241 Ἀλεξανδρίτης.
722 3156 917 3236 Φαβιορῑ-
945 3151 1170 3239 δρειοτικδς
1192 3155 1251 3240 τῆν

105 3278 174 3331 νος
196 3254 237 3319 δὲ
263 3250 303 3319 ἐν
325 3257 381 3340 epi
408 3257 500 3341 περὶ
529 3254 799 3338 παντοδαπῆς
826 3245 919 3340 δίης
943 3254 1004 3338 μὲν
1024 3262 1252 3342 προσηγορίαν

100 3347 449 3444 Ἀλεξανδρειώτης
478 3361 563 3444 φησί
592 3359 703 3435 (uerba
724 3376 744 3422 a
765 3356 918 3423 Marresio
945 3355 1011 3439 ἔχει
1040 3349 1109 3423 ἀπὸ
1133 3360 1191 3445 τῆς
1217 3356 1251 3423 ἒν

101 3459 266 3540 restituta3
297 3458 426 3524 codices
447 3460 532 3525 enim
555 3457 636 3525 haee
658 3456 825 3524 exhibent:
854 3461 919 3522 Δί·
975 3452 1209 3546 Ἀλεξανδρείᾳ

106 3556 208 3639 δυμος
237 3556 272 3621 δὲ
299 3581 423 3641 παρατ.
443 3583 494 3645 χρ.
518 3557 554 3635 ἐξ
574 3551 834 3643 Ἐρατοσθένους
860 3560 919 3624 τοῦ
945 3559 1064 3646 κρήνης
1083 3565 1251 3645 Μαρείας.

105 3658 223 3741 (Mein,
245 3654 282 3722 τὸ
295 3659 407 3738 West.)
429 3652 690 3747 Ἀλεξανδρίτης.
723 3664 921 3746 Φαβωρῖνος

105 3757 142 3822 δὲ
165 3755 198 3823 ἓν
220 3762 267 3843 τη]
290 3761 369 3843 περὶ
390 3763 598 3848 Κυρηναϊκῆς
619 3760 751 3838 πόλεως
766 3757 921 3840 Ἀλεξαν-

102 3857 307 3947 δρειιότην
330 3864 437 3946 φησί).
934 3810 938 3943 ί
994 3846 997 3851 ¹

194 3995 216 4056 1)
234 3991 303 4048 Vide
320 4010 346 4063 p.
360 4000 407 4048 110
417 4010 474 4065 sqq.
