2714 4500
103 195 143 254 66
561 193 639 250 Felix
656 193 783 264 Rudolph

103 388 173 433 rum
201 375 307 434 autem
336 368 457 451 placita
486 386 612 434 seorsus
639 387 698 453 per
726 367 847 433 uariam
876 366 1042 433 historiam
1063 367 1180 451 digesta
1197 373 1221 432 et

103 469 174 552 ipsa
201 469 307 552 aptius
336 469 399 537 huo
429 489 523 554 quam
551 469 593 535 ad
618 468 814 555 peculiarem
837 470 1064 535 sententiarum
1085 468 1222 534 librumo

103 569 204 637 Suida
226 579 435 638 memoratum
456 573 601 638 reuocari
623 571 780 637 uidentur.

127 754 158 820 C.
196 756 396 841 Omnipenom
418 756 580 821 historiam
604 756 760 820 Faoom‘m'
773 758 808 826 vio
831 776 917 819 usum
940 756 1049 819 uariae
1071 755 1207 818 historice
1276 762 1278 769 '

529 879 712 922 conversam
735 880 810 924 esse.

659 1000 685 1059 1.

186 1113 255 1197 Iam
276 1133 352 1181 uero
374 1115 471 1180 lexioi
494 1115 583 1182 cuius
605 1115 743 1197 uestigia
763 1133 822 1199 per
836 1115 964 1180 Aeliani
986 1115 1076 1179 uaria
1098 1112 1227 1194 dIspersa

103 1219 204 1290 sunt1)
228 1217 299 1299 quis
320 1216 416 1282 fuerit
437 1224 547 1283 auctor
569 1215 785 1298 quaerendum
808 1223 864 1282 est.
897 1216 946 1282 Ao
960 1216 1096 1298 primum
1113 1212 1228 1296 quidem

103 1334 175 1380 eum
197 1337 303 1383 rerum
319 1318 535 1384 Romanarum
556 1338 620 1384 non
641 1318 777 1384 inscium
799 1317 897 1384 fulsse
920 1317 1028 1400 colligi
1050 1321 1156 1401 potest
1166 1314 1231 1381 'cum

102 1437 143 1482 ex
165 1417 373 1502 u.h.111,17
397 1427 463 1486 tum
486 1439 527 1485 ex
549 1420 623 1503 XII,
638 1423 688 1484 25.
726 1419 827 1502 Idem,
850 1419 928 1502 quia
949 1417 1010 1485 hoc
1031 1419 1104 1484 loco
1119 1418 1232 1482 Maece·

100 1538 175 1602 nas,
204 1521 325 1604 Areus,
353 1521 594 1603 Athenodorus,
623 1521 786 1604 Augustus
808 1526 1038 1601 memorantur,
1063 1519 1235 1604 posthunc

102 1619 272 1686 Caesarem
286 1619 408 1704 floruit3
432 1630 464 1688 et
486 1624 563 1689 satis
584 1643 701 1706 magno
724 1621 853 1706 quidem
869 1621 1022 1704 temporis
1037 1621 1143 1704 spatio
1157 1626 1238 1706 post·

102 1741 198 1805 quam
219 1723 247 1788 is
268 1724 336 1789 uita
351 1730 541 1789 excesserat.
577 1724 661 1788 Nam
683 1724 710 1789 si
733 1724 801 1790 eius
823 1724 968 1806 aequahs
989 1723 1111 1805 fuisset,
1136 1742 1239 1789 exem·

101 1824 157 1906 pla
177 1824 218 1889 ab
243 1843 281 1889 eo
305 1824 437 1907 eiusque
458 1825 569 1890 aminis
591 1825 693 1908 petita
715 1832 749 1890 ut
769 1825 916 1892 omnibus
938 1831 1015 1891 nota
1030 1830 1117 1890 certe
1135 1843 1240 1908 super·

102 1925 238 1993 sedisset
259 1923 383 1991 afferre.
429 1925 555 1991 Deinde
575 1933 643 1991 erat
664 1925 884 2011 philosophus.
919 1926 1045 1991 Etenim
1067 1945 1098 1991 u.
1115 1925 1242 2009 laum

102 2032 197 2110 caput
221 2028 258 2090 17
287 2031 319 2091 et
347 2026 367 2090 l.
390 2027 456 2091 XII
488 2034 584 2112 caput
607 2029 663 2110 53,
703 2047 784 2110 quae
818 2028 950 2094 uocibus
984 2019 1242 2092 ἐπολιτεύσαντο

102 2137 134 2194 et
161 2125 309 2210 πόλεμος
336 2148 433 2213 supra
461 2127 614 2213 deinceps
643 2130 807 2213 inscripsi,
837 2149 874 2194 eo
903 2130 1036 2196 consilio
1066 2130 1245 2213 composita

101 2236 183 2313 sunt,
206 2236 241 2296 ut
261 2230 527 2315 philosophorum
549 2232 583 2296 in
604 2231 835 2315 rempublicam
848 2233 963 2297 merita
978 2237 1010 2298 et
1031 2231 1111 2297 belli
1125 2232 1245 2316 peritia

98 2333 340 2400 illustrarentur.
385 2334 466 2399 Tale
488 2332 566 2416 quid
588 2331 774 2416 philosophi
796 2354 876 2416 esse,
901 2334 955 2416 qui
978 2333 1026 2398 sui
1049 2351 1245 2416 suorumque

100 2435 364 2502 obtrectatoribus
393 2435 537 2501 offecerit
564 2434 681 2500 nullius
712 2453 788 2500 usus
817 2454 888 2501 esse
916 2432 1127 2519 philosophos
1152 2433 1244 2500 dieti·

99 2535 249 2619 tantibus,
273 2537 344 2619 quis
367 2542 416 2602 est
438 2537 492 2619 qui
514 2536 633 2619 neget?
668 2535 803 2601 Accedit
825 2536 910 2618 quod
932 2535 967 2601 hi
989 2533 1115 2602 elenchi
1138 2537 1245 2603 uario-

98 2657 168 2702 rum
196 2657 418 2720 nonnusquam
440 2638 484 2704 ad
504 2635 716 2722 philosophos
738 2638 912 2721 pertinent:
941 2637 1003 2719 IX,
1027 2639 1068 2700 22
1093 2633 1245 2722 (ἰατρός),

100 2738 174 2820 XII,
199 2741 236 2801 15
260 2737 417 2824 (παιδιά),
440 2740 514 2824 XII,
530 2743 569 2803 25
593 2731 753 2822 (ὤνηντο),
775 2739 849 2823 XII,
865 2741 991 2803 29-32
1014 2734 1158 2824 (τρυφή),
1181 2740 1247 2805 XII

100 2845 140 2904 45
155 2841 308 2925 (τέρατα).
342 2842 490 2924 Denique
512 2842 539 2906 Is
562 2841 651 2908 ouius
673 2841 810 2924 uestigia
830 2840 896 2905 iam
910 2840 1112 2924 indagantur,
1135 2841 1247 2908 sinon

100 2941 208 3009 rhetor
224 2947 302 3026 erat,
317 2948 352 3007 at
366 2948 452 3008 certe
466 2944 527 3009 arti
542 2941 721 3009 rhetoricae
735 2942 817 3007 libro
833 2960 890 3007 suo
906 2941 1111 3007 inseruiebat.
1145 2943 1247 3012 Tales

100 3044 184 3110 enim
206 3044 425 3127 exemplorum
449 3045 710 3125 enumerationes,
734 3043 845 3126 quales
866 3048 939 3109 sunt
960 3043 992 3108 in
1014 3042 1088 3125 XII,
1113 3046 1165 3128 25,
1190 3047 1247 3112 ubi

99 3151 311 3228 recensentur,
335 3147 389 3228 qui
411 3146 452 3211 ab
474 3146 548 3212 aliis
573 3145 674 3211 adiuti
697 3145 769 3226 sint,
792 3145 844 3209 uel
866 3144 900 3208 in
921 3144 979 3229 III,
996 3147 1047 3228 47,
1069 3145 1126 3210 ubi
1142 3144 1246 3214 habes

99 3246 223 3330 aliquot
249 3245 395 3314 homines
417 3247 512 3313 rebus
534 3246 683 3314 seeundIs
705 3266 769 3311 non
790 3246 932 3328 adiutos,
959 3245 1002 3311 ad
1023 3265 1115 3312 usum
1139 3256 1246 3317 orato·

99 3368 169 3413 rum
194 3346 507 3430 declamatorumque
529 3356 682 3433 spectant.

183 3449 267 3516 Eoos
289 3451 404 3515 iterum
418 3449 517 3515 facies
533 3451 708 3516 cultescere
723 3448 850 3514 uidetur
864 3447 1027 3532 Fauorini,
1051 3468 1123 3516 cum
1138 3470 1246 3536 aeque

100 3556 132 3615 et
160 3549 370 3634 philosophus
400 3550 496 3614 fuerit
523 3557 555 3616 et
583 3549 728 3635 sophista
756 3547 1002 3617 facundissimus
1013 3551 1036 3628 2)
1066 3557 1098 3617 et
1119 3553 1246 3621 Romae

100 3651 159 3716 sub
187 3651 351 3719 Hadriano
380 3653 480 3718 uitam
508 3652 632 3734 degerit
660 3660 692 3717 et
720 3651 837 3716 librum
865 3650 900 3715 in
928 3651 1052 3718 litteras
1080 3653 1247 3740 digestum

101 3750 285 3817 confecerit:
309 3753 382 3819 dico
404 3752 607 3834 omnigenam
631 3751 841 3828 historiam).

186 3938 209 3995 ll
228 3933 289 3988 vid.
307 3951 333 4003 p.
353 3937 385 3986 38
393 3947 450 4000 sqq.
521 3936 545 3998 2)
564 3933 632 3988 Gell.
651 3933 725 4002 XVI,
743 3938 767 3988 3.
837 3938 863 4001 3)
881 3935 945 4003 Peg.
965 3940 998 3991 48
1009 3953 1066 4007 sqq.
