2714 4500
168 163 243 224 roos
630 130 707 216 σου
725 161 852 232 Rudolph

165 343 336 423 propterca
365 335 451 420 quod
482 337 522 402 dc
556 337 694 402 inuentis
727 341 791 422 cstss

166 446 198 506 ot
225 445 356 524 propter
377 439 430 503 Di.
446 439 503 504 La.
519 439 576 521 IX,
593 440 649 520 233
680 426 791 519 atque*

164 543 354 625 omnigenae
390 539 518 622 quidem
550 538 703 605 historiae
734 538 792 614 obl

157 643 403 725 aequalitatem.
788 638 792 723 Ι

165 761 216 827 De
231 761 369 826 inuentis
384 759 426 826 ad
442 760 559 844 omnig.
575 759 648 826 hist.
665 779 685 824 a
699 759 775 824 Dio·
802 759 854 823 Di.
875 759 931 824 La.
953 759 1015 842 111,
1034 762 1092 824 48:
1126 756 1312 844 Διαλόγους

165 861 541 947 genedisortorcuocatis
552 861 627 928 uide
639 883 670 946 p.
680 864 720 926 52
729 881 775 943 sq.
803 863 913 925 τοίνυν
936 860 1020 946 φασὶ
1044 863 1214 945 πρῶτον
1236 860 1311 946 γρά-

802 971 872 1043 ψαι
893 960 1032 1046 Ζήνωνα
1059 958 1119 1027 τὸν
1143 955 1310 1050 Ἐλεάτην·

761 1085 763 1088 ’
801 1056 1032 1151 Ἀριστοτέλης
1061 1055 1093 1127 δ’
1125 1061 1160 1129 ἒν
1190 1065 1312 1152 πρώτῳ

804 1167 884 1251 περὶ
919 1167 1069 1253 ποιητῶν
1096 1159 1312 1251 Ἀλεξαμενὸν

804 1255 980 1352 Στυρέαῆ
1013 1265 1131 1352 Τήιον,
1167 1267 1220 1346 ὠς
1249 1272 1312 1336 καὶ

807 1374 1050 1453 Φαβωρῖνος
1073 1365 1113 1434 ἒν
1135 1362 1312 1459 ἆπσμνη·

803 1469 1044 1554 μονεύμασι.

167 1598 217 1662 Ex
233 1596 444 1678 omnigena
466 1592 642 1659 historia
656 1592 707 1656 Di.
720 1592 785 1656 La(
804 1592 840 1656 In
863 1591 1146 1657 commentariis
1165 1590 1209 1658 do
1223 1593 1312 1660 libris

167 1699 221 1781 VI,
234 1701 274 1761 73
295 1695 389 1762 affert
403 1694 586 1778 tragoedias
602 1713 685 1776 quac
700 1693 777 1758 Dio·
805 1693 984 1759 subditiciis
1006 1694 1190 1776 expositum
1215 1697 1313 1762 fuisso

167 1800 259 1882 genis
275 1797 389 1881 Cynici
403 1796 559 1861 ferrentur
574 1797 615 1861 ab
630 1795 702 1880 ipso
724 1814 777 1860 ne·
805 1795 948 1876 sequitur
970 1814 1010 1860 ox
1032 1794 1073 1878 Π,
1087 1797 1127 1858 39
1147 1801 1179 1861 ct
1193 1796 1250 1879 III,
1264 1798 1314 1861 62.

169 1919 231 1983 que
264 1920 284 1964 a
316 1897 457 1963 Philisco
493 1902 548 1962 aut
582 1894 779 1980 Pasiphonte

169 2002 363 2084 compositas
378 2019 465 2082 στου,
488 1998 574 2065 idem
588 1999 645 2081 ΙΠ,
655 2003 694 2063 57
706 1999 779 2064 Pla-

168 2109 276 2169 tonem
304 2103 337 2166 in
362 2101 527 2184 republica
549 2101 780 2168 conscribenda

168 2205 364 2288 Protagorae
372 2203 470 2269 libros
478 2203 781 2287 compilassc3idom

47 2380 50 2385 ,
169 2308 226 2389 IX,
244 2311 283 2371 34
305 2306 531 2388 Anaxagoram
548 2324 626 2387 quas
650 2305 690 2371 de
712 2305 780 2370 solo

170 2408 780 2492 etlunaproferretsententiasaprisco

171 2510 310 2593 quodam
331 2514 460 2574 auctore
483 2509 620 2573 furatum
642 2526 722 2573 csse.

169 2629 286 2703 Pollim
297 2627 587 2692 Lacedaemonium
602 2627 690 2692 iussu
704 2626 780 2692 Dio·
808 2625 953 2692 Eandem
980 2648 1048 2694 rem
1075 2627 1257 2694 Fauorinus
1286 2629 1316 2692 in

169 2730 254 2813 nysii
274 2730 403 2810 tyranni
415 2729 583 2794 Platonem
598 2727 781 2794 uendidisse
808 2730 1117 2795 commentariis
1168 2731 1317 2796 tractauit

170 2830 342 2913 inomnig.
366 2828 438 2894 hist.
462 2829 611 2895 exstabat
636 2830 705 2912 (ΠΙ,
720 2832 780 2904 19).
808 2829 876 2911 (ΠΙ,
893 2832 955 2905 20).

169 2964 294 3031 Ibidem
309 2963 513 3046 Polycratem
535 2963 711 3047 sophistam
734 2965 781 3028 in·
807 2964 879 3030 Non
895 2965 1065 3046 genuinam
1081 2984 1152 3031 esse
1165 2965 1316 3050 Polycra-

171 3073 219 3132 tcr
255 3065 396 3132 Socratis
439 3074 639 3133 accusatores
683 3067 781 3132 fuisse
807 3066 848 3131 tis
864 3084 945 3147 quae
965 3065 1125 3132 ferebatur
1141 3068 1317 3134 orationem

171 3169 223 3250 (II,
241 3171 302 3245 38).
807 3168 840 3232 in
853 3166 1017 3253 Socratem
1034 3168 1247 3252 conscriptam
1258 3169 1317 3235 Fa-

808 3256 936 3335 uorinirs
959 3270 992 3333 in
1012 3272 1317 3337 commentariis

808 3371 891 3435 dixit
912 3371 964 3454 (ΙΙ,
983 3373 1044 3450 39).

170 3490 285 3554 Fauor.
302 3490 419 3570 omnig.
440 3487 513 3554 hist.
536 3509 561 3554 s.
576 3508 606 3552 u.
630 3513 781 3554 ταπει-
807 3489 859 3553 Di.
871 3489 928 3554 La.
937 3491 975 3574 V,
986 3494 1025 3553 75
1034 3510 1096 3572 sq.:
1115 3488 1319 3575 (Δημήτριος

169 3588 290 3674 νότης
310 3590 398 3673 apud
412 3590 536 3655 Aelian.
552 3610 582 3654 u.
596 3589 626 3654 h.
638 3591 712 3675 XII,
725 3595 781 3656 43:
807 3584 825 3653 ὁ
844 3588 1029 3676 Φαληρεὺς)
1057 3589 1243 3677 προσόδοις
1263 3594 1318 3658 καὶ

170 3687 362 3775 Δημήτριον
380 3688 415 3753 δὲ
436 3686 495 3754 τὸν
513 3689 670 3776 Φαληρέα
692 3691 781 3758 οἷκό-
807 3705 1025 3771 κατασκευαῖς
1044 3687 1164 3781 ηὔξησε
1178 3690 1239 3779 τὴν
1254 3692 1320 3759 πό-

170 3794 269 3874 τριβα
297 3793 455 3874 γενέσθαι
485 3790 634 3875 λέγουσιν
664 3791 697 3858 ἐκ
724 3797 783 3882 τῆς
809 3792 870 3870 λιν,
894 3798 1015 3884 καίπερ
1034 3789 1091 3861 οὐκ
1108 3786 1240 3882 εὐγενὴς
1262 3789 1318 3861 ὤν.

172 3889 278 3966 οἰκίας
293 3891 350 3975 τῆς
365 3895 536 3975 Τιμοθέου
551 3893 606 3955 καὶ
617 3888 782 3968 Κόνωνος.
808 3878 848 3978 ἦν
858 3889 921 3978 γὰρ
935 3894 1318 3987 ἐκτῆςΚόνωνοςοίκέας,
