2714 4500
88 182 133 237 De
152 181 275 238 lontibus
293 182 390 252 quibus
402 181 532 238 Aelianus
549 183 579 236 in
596 183 674 238 uaria
691 183 804 239 historia
823 186 1008 254 componenda
1025 202 1091 242 usus
1108 189 1151 243 sit.
1188 191 1205 247 5

56 355 132 421 Alio
161 357 390 439 proconsulatu
418 356 507 421 nullo
536 356 661 422 functus
690 364 747 423 est.
792 356 944 440 Sequitur
965 356 1208 446 Philostratum,

56 477 130 523 eum
153 477 226 523 eum
249 458 346 524 modo
369 459 532 525 consulem
553 458 650 524 modo
673 460 895 542 proconsulem
917 461 1108 546 appellaret,
1131 464 1209 529 alte-

56 579 129 651 rum
159 562 360 627 consulatum
382 560 705 645 proconsulatumque
727 560 887 627 Africae
878 567 925 626 rnt
912 561 1096 648 tellexisse,
1126 565 1209 632 uitas
1264 575 1299 627 f

56 645 166 726 autem
190 662 276 727 cirea
297 681 415 764 annum
427 663 565 751 2301231
585 662 736 757 edidisse.
774 663 927 730 Aelianus
943 664 1040 747 igitur
1055 663 1144 732 hoet
1131 672 1209 733 t-em

55 783 137 846 pore
160 763 244 830 inter
264 766 358 831 uiuos
381 782 452 829 esse
475 763 647 830 desierat.
645 765 769 851 Atque
791 764 957 847 aliquanto
981 765 1113 849 quidem
1133 775 1209 835 ante
1301 850 1305 857 ,

58 865 289 955 exspirauerat.
316 864 390 931 Non
405 884 482 931 sane
497 867 578 933 mult
565 871 631 930 tum
648 867 678 932 ei
693 873 879 950 argumento
846 867 1000 934 totribuo
1017 869 1103 952 quod
1118 870 1209 936 breui

56 973 133 1033 ante
161 967 244 1033 uitas
273 965 490 1050 sophistarum
518 969 680 1035 confectas
710 988 782 1034 eum
809 969 928 1036 obiisse
951 970 1079 1037 disertis
1102 971 1209 1038 uerbis

58 1066 273 1135 Philostratus
288 1089 352 1134 non
368 1076 603 1136 commemorat.
637 1070 768 1136 Maioris
784 1072 936 1137 momenti
953 1078 1001 1138 est
1017 1072 1104 1155 quod
1119 1073 1209 1156 quin·

59 1189 123 1253 que
144 1168 299 1254 rhetores,
322 1171 516 1238 Heliodorus
538 1172 696 1255 Aspasius
719 1168 932 1239 Philostratus
947 1172 1098 1240 Lemnius
1113 1174 1209 1241 Nica·

56 1291 153 1354 goras
167 1272 317 1357 Apsines,
339 1271 438 1355 idque
452 1279 487 1338 ut
500 1272 628 1338 uidetur
643 1279 806 1355 tamquam
820 1275 938 1338 mortui
952 1281 1025 1357 post
1039 1275 1209 1342 Aelianum

55 1374 98 1439 ab
128 1393 167 1439 ec
190 1379 373 1440 tractantur.
419 1373 541 1452 Quodsi
564 1372 792 1440 Philostratum
814 1375 967 1458 temporis
990 1375 1134 1442 ordinem
1158 1398 1205 1444 se-

55 1482 175 1560 cutum,
198 1482 233 1542 ut
256 1477 391 1559 quisque
412 1476 544 1540 minImo
567 1496 721 1541 annorum
743 1476 913 1541 interuallo
928 1476 969 1542 ab
985 1477 1085 1562 ipsius
1100 1485 1206 1546 aetate

56 1578 187 1661 aberat,
218 1579 264 1643 lta
293 1579 393 1643 uitam
420 1577 493 1643 'eius
516 1578 668 1644 extremis
691 1577 850 1660 capitibus
874 1580 1112 1662 exprompsisse
1136 1601 1208 1647 eon·

57 1685 122 1745 stat
132 1683 169 1763 ¹),
192 1679 274 1746 inter
295 1679 330 1745 id
352 1686 478 1763 tempus
502 1700 565 1762 quo
587 1681 671 1746 uitas
693 1699 767 1746 suas
789 1679 937 1762 uulgauit
957 1680 978 1747 i.
997 1700 1024 1746 e.
1049 1681 1132 1747 inter
1154 1703 1209 1748 an-

25 1790 28 1795 '
55 1801 132 1846 num
148 1782 282 1857 230l231
308 1788 341 1848 et
362 1787 497 1848 mortem
512 1782 642 1848 Aeliani
663 1781 802 1865 spatium
816 1783 1041 1848 nonnullorum
1055 1804 1210 1850 annorum

55 1882 186 1950 uidetur
212 1884 440 1951 intercessisse.
485 1884 553 1950 lam
575 1885 740 1968 Aelianus,
764 1875 792 1949 si
814 1890 957 1950 mortuus
980 1890 1030 1951 est
1051 1884 1133 1951 inter
1155 1906 1209 1951 an·

56 2005 115 2052 nos
138 1987 200 2049 222
218 1991 250 2051 et
265 1988 412 2070 230l23l,
436 1987 512 2068 quia
534 1987 772 2069 sexagesimum
790 2005 908 2050 annum
924 1991 1030 2052 aetate
1046 1993 1211 2054 assecutus
1264 2028 1267 2043 ·

55 2094 115 2170 est,
145 2093 239 2154 natus
268 2094 317 2154 est
345 2088 531 2170 neutiquam
559 2094 632 2171 post
662 2085 1074 2170 annnm170l171;'qu0d
1103 2094 1209 2156 autem
1262 2054 1267 2193 ἒ

56 2190 153 2254 illurn
169 2185 290 2255 annum
312 2191 398 2256 uitae
421 2190 519 2256 etiarn
540 2191 704 2274 superauit
726 2196 759 2255 et
781 2188 867 2271 quod
885 2189 1049 2270 aliquanto
1065 2196 1138 2255 ante
1154 2210 1208 2255 an·
1263 2198 1267 2279 l

55 2311 132 2356 num
157 2293 291 2366 230s231
316 2298 450 2359 mortem
474 2287 661 2357 occubuisse
683 2290 820 2373 uidetur,
842 2289 912 2356 fieri
934 2290 1048 2374 potuit,
1071 2297 1106 2355 ut
1125 2291 1208 2358 adeo

56 2400 131 2459 ante
154 2414 273 2459 annum
298 2397 358 2459 162
381 2395 414 2459 in
436 2395 540 2460 lucem
564 2392 668 2484 editus
691 2393 741 2459 sit.

142 2495 256 2578 Itaque
280 2513 319 2561 ea
340 2497 494 2580 temporis
517 2494 712 2578 computatio
731 2513 795 2576 qua
810 2492 957 2558 Valesius
974 2499 1005 2559 et
1023 2493 1208 2562 Perizonius

56 2602 197 2663 aetatem
219 2596 348 2663 Aeliani
370 2597 602 2664 constituerunt
624 2595 686 2662 ha'c
709 2594 838 2660 omnino
862 2593 1072 2660 confirmatur.

142 2698 261 2765 Verum
290 2699 375 2764 enim
403 2717 481 2765 uero
509 2700 565 2765 uIa
587 2719 650 2782 qua
670 2698 856 2764 Perizonius
879 2716 950 2762 eam
973 2703 1137 2765 assecutus
1160 2706 1209 2766 est

57 2800 173 2885 partim
196 2799 325 2882 quidem
347 2800 511 2884 displicet3
534 2820 672 2883 namque
687 2798 889 2866 Athenaeum
913 2797 975 2866 huc
996 2799 1141 2866 admouit
1155 2802 1208 2866 uel

58 2902 191 2986 Imperio
220 2901 391 2985 Elagabali
418 2903 471 2968 uel
499 2903 611 2985 prImis
639 2903 731 2968 annis
754 2900 933 2967 Alexandri
962 2921 1131 2986 perperam
1157 2923 1207 2969 as·

58 3004 257 3087 signatumfl)
301 3004 376 3088 Ipso
399 3004 496 3087 igitur
509 3003 639 3069 Aeliani
662 3010 840 3088 temporum
863 3002 1118 3069 definiendcrum
1140 3024 1207 3069 mu-

57 3124 132 3171 nere
162 3103 340 3188 flagitatur,
370 3112 405 3171 ut
434 3104 595 3188 quando
624 3105 860 3172 Athenaeus
890 3125 970 3189 opus
1000 3124 1090 3171 suum
1121 3104 1207 3186 quod
1254 3131 1257 3193 j

58 3212 157 3273 restat
179 3208 396 3292 composuerit
417 3207 612 3291 disquiram3
635 3229 699 3274 non
714 3228 776 3291 quc
792 3226 910 3271 nouam
926 3205 1087 3287 quandam
1103 3207 1207 3272 lucem

58 3306 99 3374 ad
121 3327 191 3374 rem
214 3309 412 3391 propositam
434 3308 510 3375 inde
533 3316 729 3393 exspectem,
752 3308 811 3374 sed
826 3306 1010 3390 quadratio
1026 3310 1206 3388 quaeinter

59 3415 204 3493 tempora
224 3409 388 3491 utriusque
411 3411 574 3494 scriptoris
598 3410 766 3477 intercedit
787 3430 850 3475 non
872 3411 975 3475 solum
996 3429 1017 3474 a
1038 3409 1206 3475 Perizonio

60 3510 116 3576 sed
138 3509 236 3575 etiam
258 3530 278 3574 a
293 3508 601 3594 Schweighaeusero
611 3515 635 3590 ³)
654 3532 726 3577 cum
741 3511 942 3595 exploranda
956 3509 1085 3577 Aeliani
1100 3516 1205 3576 aetate

60 3610 175 3677 dicitur
189 3610 349 3676 artissime
365 3610 545 3678 cohaerere.
580 3613 667 3678 Dicit
682 3613 823 3678 Batauus
838 3612 895 3677 ille
909 3613 959 3677 uir
968 3616 991 3688 4)
1003 3608 1205 3677 Athenaeum

60 3713 226 3797 scripsisse
247 3717 321 3795 post
336 3711 544 3796 Caracallam
569 3715 596 3779 si
612 3715 742 3797 quidem
758 3719 914 3779 memorat
929 3711 1111 3797 Oppianum
1129 3706 1204 3778 Gili-

144 3848 170 3909 1)
186 3842 272 3898 Periz.
290 3842 375 3912 praef.
394 3845 429 3900 ad
446 3861 472 3899 u.
485 3843 512 3900 h.
531 3861 558 3915 p.
571 3845 624 3899 XX
641 3845 746 3901 Kuehn.
818 3848 842 3910 2)
860 3843 929 3899 Ibid.
948 3861 975 3914 p.
989 3843 1091 3899 XXIII.

144 3933 170 3994 3)
188 3925 276 3982 Praei.
295 3927 331 3982 ad
349 3929 411 3983 edit.
430 3929 494 3983 Ath.
567 3934 591 3993 l)
609 3930 626 3984 l.
641 3930 658 3984 l.
677 3946 704 3998 p.
720 3927 848 3997 XXlIsq.
