2714 4500
602 169 678 228 Felix
696 172 825 242 Rudolph

684 349 732 410 10.

220 443 435 528 cognocimus
458 447 556 529 igitur
576 466 635 531 pro
653 449 800 514 exilitate
822 447 1071 530 fragmentorum
1085 449 1107 526 ¹)
1130 448 1292 514 Fauorini

134 547 332 632 amplissime
353 553 465 631 patere
487 547 582 613 huius
605 568 676 613 oum
698 548 866 614 Athenaeo
890 549 1140 631 congruentiam.

220 647 315 726 Quod
342 668 420 715 uero
450 649 565 714 eadem
594 649 772 732 aequalitas
802 649 980 732 argumenti
1012 649 1160 716 omnibus
1194 650 1290 717 librIs

135 746 426 835 δειπνοσοφιστῶν
447 753 579 835 propria
598 757 655 832 est,
679 769 717 816 eo
733 753 818 834 rapit
836 770 894 816 nos
910 750 1123 816 concludendi
1144 754 1289 819 necessi-

133 856 192 933 tas,
214 858 250 916 ut
265 869 384 934 omnes,
404 859 560 935 quatenus
576 852 707 936 quidem
721 853 872 918 similium
886 871 992 918 rerum
1007 851 1168 920 indicibus
1184 856 1288 920 couti-

133 959 277 1034 neantur,
299 952 343 1019 ad
364 949 587 1039 παντοδαπὴν
605 952 754 1038 ἱστορίαν
769 954 968 1021 reuocandos
991 973 1061 1020 esse
1083 974 1287 1024 censeamus.

134 1051 229 1130 Quod
251 1053 403 1120 iudicium
426 1056 522 1122 credo
544 1057 613 1122 fore
635 1061 670 1121 ut
692 1055 903 1139 confirmetur,
932 1058 959 1122 si
982 1057 1052 1139 quis
1075 1056 1287 1140 diligentiore

134 1173 228 1236 quam
257 1175 317 1238 ego
345 1157 468 1222 institui
498 1159 736 1242 comparatione
764 1158 981 1223 iurationem
1009 1177 1090 1239 quae
1111 1157 1286 1224 Athenaeo

133 1276 204 1321 cum
226 1257 374 1340 Diogene
396 1259 565 1326 intercedit
586 1259 797 1341 inquisiuerit.

217 1358 268 1423 Dc
283 1360 394 1426 uariae
408 1367 516 1426 autem
531 1360 684 1428 historiae
700 1361 840 1427 fontibus
855 1357 918 1425 hoc
933 1358 1087 1442 epimetro
1109 1359 1143 1424 id
1165 1360 1287 1424 lucrati

133 1479 257 1542 sumus,
287 1467 321 1526 ut
342 1463 513 1527 Aelianum
534 1463 640 1529 lexico
662 1462 877 1532 Fauoriniano
900 1461 950 1527 bis
972 1481 1064 1526 usum
1087 1478 1157 1525 esse
1180 1479 1286 1542 appa·

132 1568 217 1644 reat,
248 1569 280 1627 et
301 1563 388 1646 ipso,
419 1570 451 1628 et
472 1583 529 1646 per
550 1563 769 1647 Athenaeum3
800 1563 922 1628 scilicet
943 1562 1041 1627 lexici
1062 1562 1201 1644 uestigia
1223 1579 1287 1643 per

84 1657 85 1660 ’
131 1662 224 1726 uaria
241 1663 309 1729 eius
325 1663 471 1748 dispersa
486 1665 528 1730 ad
550 1666 753 1747 omnigenam
774 1663 941 1731 historiam
962 1670 1124 1745 tamquam
1146 1663 1190 1728 ad
1212 1663 1286 1727 fon-

133 1768 196 1828 tem
220 1764 422 1847 primarium‚
452 1767 510 1830 illa
531 1766 674 1831 XXVIII
696 1767 803 1848 capita
829 1785 870 1831 ex
891 1764 1059 1830 Athenaeo
1089 1771 1216 1847 sumpta
1237 1763 1287 1829 ad

134 1862 270 1928 eandem
294 1866 386 1947 quasi
408 1865 451 1930 ad
474 1866 696 1932 secundarium
719 1868 880 1933 recedunt.

687 2019 721 2085 (i.

216 2137 316 2220 Atqui
338 2137 498 2220 dogmatis
519 2138 591 2203 loco
614 2137 734 2205 habent
754 2138 817 2203 uiri
846 2139 978 2205 litterati
999 2136 1200 2203 Athenaeum
1232 2139 1283 2202 iu-

132 2236 277 2304 haesisse
292 2239 437 2322 uestigiis
452 2238 613 2323 Pamphili
627 2239 840 2304 Alexandrini
849 2240 883 2321 ²),
908 2239 962 2322 qui
984 2239 1051 2305 fcre
1073 2240 1155 2304 inter
1175 2259 1282 2305 annos

131 2361 162 2425 p.
179 2339 214 2405 0.
230 2361 260 2405 n.
277 2343 441 2423 50-100,
470 2341 580 2422 utiquc
603 2348 676 2424 post
685 2343 708 2417 ³)
730 2341 889 2424 Apionem
914 2339 1035 2425 floruit,
1065 2347 1191 2406 etcum
1214 2341 1284 2406 alia

132 2443 252 2526 scripta
273 2442 481 2525 grammatica
502 2448 569 2506 tum
593 2440 738 2523 λειμῶνα
760 2442 897 2508 confecit
905 2445 946 2524 4),
975 2442 1200 2525 compendium
1223 2463 1281 2508 ua-

131 2544 251 2610 riorum
273 2543 538 2626 copiosissimum.
583 2543 747 2608 Laudatur
769 2548 876 2608 autem
899 2543 941 2607 ab
963 2543 1020 2607 illo
1049 2543 1157 2609 tricies
1175 2545 1280 2627 ,quin-

132 2646 232 2728 quies.
277 2643 347 2727 Age
370 2664 462 2728 uero,
492 2650 527 2709 ut
549 2650 622 2710 ante
645 2646 754 2710 oculos
778 2650 939 2727 uersetur‚
969 2644 1128 2726 quomodo
1157 2649 1280 2713 mentio

132 2746 200 2811 eius
215 2748 354 2812 auctoris
369 2745 434 2829 fiat,
458 2746 599 2828 exempli
614 2747 717 2829 gratia
732 2743 791 2811 hos
812 2746 901 2811 locos
916 2744 1075 2812 Athenaei
1096 2749 1280 2814 accuratius

131 2847 385 2914 consideremus:

222 2949 271 3013 XI
299 2970 325 3015 c.
343 2951 383 3012 50
409 2969 441 3032 p.
458 2953 566 3014 4750:
604 2951 807 3011 KEAEBH.
843 2945 962 3013 τούτου
990 2949 1050 3013 τοῦ
1079 2946 1281 3032 ἐκπώματος

136 3042 354 3134 Ἀνακρέων
375 3048 572 3136 μνημονεύει

462 3145 520 3235 ἄγε
542 3147 580 3235 δὴ
605 3141 680 3236 φέρ’
699 3143 779 3234 ἡμὶν
801 3135 827 3213 ὦ
852 3161 919 3214 παῖ

459 3252 608 3338 κελέβην,
631 3242 717 3328 ὅκως
738 3247 879 3334 ἄμυστιν

460 3358 614 3437 προπίω,
637 3349 760 3434 τὰμὲν
783 3345 849 3418 δέκ’
868 3351 980 3438 ἐγχέας

459 3446 579 3529 ὓδατος
600 3450 643 3518 τὰ
665 3457 765 3518 πέντε
787 3447 819 3518 d'
839 3454 930 3520 σ’ἰνον

459 3553 617 3631 κυάθους.

219 3677 242 3735 tt
260 3672 364 3727 Marres
382 3673 490 3727 omuino
509 3670 594 3726 cxlv
613 3670 735 3738 collegit3
756 3672 835 3741 plura
854 3671 979 3741 colligere
995 3673 1096 3742 potuit;
1113 3673 1141 3727 iu
1157 3672 1279 3743 inscrIp·

128 3754 247 3809 tionibus
259 3754 389 3810 lihrcrum
402 3755 597 3813 constituendis
609 3754 690 3809 etiam
701 3754 791 3810 minus
804 3756 927 3824 profecit.
954 3757 1121 3826 Quamquam
1135 3756 1281 3812 materiam

128 3837 222 3891 utilem
240 3840 402 3907 suppeditat.
489 3845 514 3903 2)
531 3839 600 3894 Vide
616 3839 734 3894 Urlichs.
752 3840 779 3894 iu
797 3856 866 3896 mus.
877 3841 963 3896 Rhen.
982 3859 1009 3897 u.
1019 3841 1085 3896 XVI
1102 3857 1128 3910 p.
1140 3845 1197 3896 247.

216 3925 241 3986 3)
259 3923 323 3975 Ath.
337 3924 402 3979 XIV
419 3941 445 3992 p.
457 3929 538 3978 utrae.
610 3929 635 3988 4)
654 3925 727 3978 Suid.
746 3940 768 3979 s.
781 3942 807 3980 u.
