2714 4500
134 209 175 267 68
553 192 554 195 ‘
599 205 676 262 εσυ
693 205 821 275 Rudolph

134 382 312 448 Fauorinus
326 381 441 446 librum
463 379 540 464 περὶ
556 376 663 463 γήρως
685 380 870 463 inscriptum
883 382 914 463 ¹),
938 379 979 445 do
994 399 1057 462 quo
1072 378 1219 445 Stobaeus
1230 379 1257 442 in

134 483 201 551 fior.
215 484 311 566 CXV,
322 487 370 566 17,
384 485 435 565 22,
451 480 563 563 CXVI,
574 485 624 563 44,
641 481 758 564 CXIX,
769 483 808 544 16
823 501 927 564 pauoa
941 482 1090 548 seruauit.
1118 480 1256 563 CXV‚17:

130 577 185 650 Ἐκ
206 586 265 649 τοῦ
289 586 536 667 Φαβωρίνου
565 581 660 665 περὶ
691 579 830 666 γήρως.
873 574 958 646 Οάδὲ
984 579 1046 667 γάρ
1068 583 1165 646 τοῦτο
1186 577 1274 644 έάσσ·

135 682 286 774 άρρητον,
309 676 362 750 ότι
384 685 440 748 καὶ
461 679 621 748 Πλάτιονι
642 682 697 747 καὶ
715 680 904 770 Πυθαγόρᾳ
927 681 1016 748 δοκεῖ
1037 679 1075 748 τὸ
1098 685 1194 770 γῆρας
1214 673 1258 746 σάκ

134 780 190 853 ἐπ’
210 784 313 872 ἐξόδῳ
328 788 387 851 τοῦ
401 789 476 868 βίον
493 778 587 864 εἶναι,
611 775 685 847 ἀλλ’
705 775 760 848 ἐπ)
781 776 862 871 άρχῇ
876 785 933 870 τῆς
948 788 1113 869 μακαρίας
1129 783 1214 871 ζωῆς.
1226 817 1257 829 -

133 926 171 991 V.
187 924 219 989 h.
241 924 305 1006 III,
329 925 428 1006 2-7,
461 939 565 1005 quae
592 921 644 985 Di.
655 922 712 986 La.
724 922 782 1004 lx,
795 923 849 984 20:
867 920 957 1007 Φησὶ
971 918 1162 1006 Δημήτριος
1173 915 1189 986 ό
1201 926 1258 984 Φα-

155 1045 249 1092 uoee
278 1024 544 1109 μεγαλοφρο-
593 1018 708 1106 ληρεδς
730 1018 764 1086 έν
785 1023 833 1105 τη]
854 1022 934 1106 περὶ
954 1019 1062 1106 γήρως
1076 1025 1133 1087 καὶ
1147 1024 1258 1086 Παναί-

134 1124 232 1211 σάνη
255 1147 348 1192 ame
366 1124 566 1207 insignita
591 1145 663 1198 τιος
685 1117 865 1199 όΣτωίκός
888 1120 921 1188 ἐν
943 1125 992 1208 τῷ
1009 1125 1088 1210 περὶ
1105 1117 1258 1207 εὐθυμίας,

133 1225 244 1313 sunt]
270 1229 375 1311 111,2:
394 1218 564 1302 Ἀναξα-
591 1235 665 1300 ταῖς
696 1222 799 1301 ἰδίαις
824 1227 919 1310 χερσὶ
947 1223 1066 1309 θάψαι
1091 1223 1168 1302 τους
1193 1224 1259 1298 υἱεῖς

132 1327 345 1416 γόρηιτιςτηλ
351 1325 566 1411 Κλαζομενίῳ
593 1318 1095 1415 αὖτόν(Ξενσφάνην),καθάπερ
1107 1320 1258 1393 καὶΆνα·

133 1428 355 1510 σπουδάζοντι
380 1425 466 1515 πρός
488 1424 565 1504 τοὺς
593 1426 781 1513 ξαγόραν.
816 1429 906 1494 δοκεῖ
937 1427 972 1494 δὲ
1001 1431 1100 1495 τοῦτο
1133 1430 1187 1495 καὶ
1211 1450 1259 1491 πε·

132 1529 283 1618 ἑταίρους
290 1527 563 1617 προσελθώνέφη
592 1532 747 1616 πράχθαι
768 1533 828 1609 (sio
842 1532 1014 1615 legendum
1030 1552 1100 1599 esse
1115 1540 1190 1617 puto
1204 1551 1260 1598 cum

131 1637 326 1722 τεθνηκέναι
353 1631 386 1697 οἱ
406 1629 482 1708 τοὺς
505 1629 563 1696 δύο
592 1631 797 1717 GasaubonO,
830 1653 934 1716 neque
964 1636 1178 1719 πεπρᾶσθαι)
1205 1626 1258 1698 άπὸ

131 1733 257 1810 παῖδας
280 1725 404 1820 οάσπερ
426 1719 483 1798 οὖν
499 1728 564 1813 εἶχε
590 1736 657 1798 τῶν
685 1737 931 1820 Πυθαγορικῶν
958 1740 1191 1820 Παρμενίσκου
1216 1732 1260 1798 καὶ

129 1833 251 1919 μόνους
283 1829 301 1900 ό
331 1827 562 1920 Ἀναξαγόρας.
586 1826 793 1921 Ὀρεστάδου,
817 1835 909 1902 καθά
925 1859 1010 1925 φησι
1028 1842 1261 1923 Φαβωρῖνος

130 1931 564 2023 όδὲμηδένδιαταραχθείς
591 1933 631 2001 έν
654 1929 1096 2024 άπομνημονευμάτων
1117 1937 1260 2024 πρώτη.

131 2033 225 2131 εἶπεν
237 2032 343 2124 (ᾔδειν
353 2035 500 2125 θνητοὺς
509 2061 563 2123 γε·
589 2039 622 2118 (ἰ.
645 2059 672 2106 e.
695 2039 872 2107 Fauorinus
901 2041 982 2108 haee
1005 2042 1114 2107 omnia
1135 2039 1262 2107 narrauit

130 2133 317 2226 γεννηκώς’.
590 2148 718 2207 auctore
740 2142 905 2226 Panaetio,
929 2143 983 2224 qui
1007 2143 1138 2226 quidem
1160 2144 1262 2209 Deme·

128 2243 230 2325 III,3:
245 2242 482 2329 Ξενοφῶντι
497 2240 562 2306 θύ-
588 2244 685 2308 trium
707 2244 941 2326 exscripserat).
1032 2235 1034 2240 ’

131 2366 202 2408 οντι
223 2336 281 2429 ᾗκέ
302 2367 353 2420 τις
377 2341 411 2408 έκ
428 2347 562 2409 Μαντι-
589 2345 641 2409 Di.
657 2344 713 2410 La.
736 2344 778 2427 Π,
803 2349 914 2428 54sq.:
947 2346 1134 2432 Τηνικαῦτα
1158 2342 1196 2430 δὴ
1219 2344 1265 2410 καὶ

130 2450 221 2521 νείας
232 2439 376 2530 άγγελος,
389 2444 492 2529 λέγων
503 2441 561 2509 τὸν
588 2441 646 2509 τὸν
660 2444 908 2531 Ξενοφῶντά
931 2466 1017 2532 φασι
1038 2444 1137 2512 θύειν
1160 2444 1265 2530 ἐστεμ-

128 2543 201 2610 υίόν
225 2539 326 2610 αὐτοῦ
340 2543 400 2610 τόν
416 2539 561 2631 Γρύλλον
572 2531 576 2606 ί
587 2550 696 2628 μένον.
720 2538 990 2632 ἀπαγγελθέντος
1001 2539 1128 2632 δἀὖτῷ
1139 2551 1198 2614 τοῦ
1209 2553 1266 2613 θα·

127 2645 302 2712 τεθνάναι·
315 2639 561 2723 κάκεῖνοςάπέ-
588 2645 688 2713 νάτον
733 2640 1111 2736 ἀποστεφανώσασθαι·
1157 2647 1266 2716 ’ἔπειτα

127 2750 212 2811 θετο
234 2747 294 2829 μὲν
312 2745 370 2813 τόν
387 2751 560 2833 στέφανον,
587 2746 763 2832 μαθόντα,
792 2740 846 2815 ότι
874 2754 1048 2834 γενναίως,
1071 2749 1177 2818 πάλιν
1200 2750 1268 2818 έπι·

129 2848 268 2915 διετέλει
291 2848 327 2913 δὲ
348 2847 452 2914 θόων.
486 2847 561 2915 ἐπεὶ
587 2854 720 2916 θέσθαι
747 2848 804 2916 τόν
827 2853 1002 2936 στέφανον.
1034 2849 1118 2919 ἐ’νιοι
1141 2853 1177 2919 δὲ
1200 2847 1269 2920 οὐδὲ

130 2949 166 3014 δὲ
186 2944 204 3016 ό
222 2944 357 3036 άγγελος
371 2954 562 3038 προσέθηκε
589 2951 749 3036 δακρῦσαί
761 2973 865 3038 φασιν
882 2944 980 3017 αὐτὸν
992 2947 1077 3018 ἀλλά
1092 2951 1156 3040 γάρ
1169 2954 1269 3022 εἰπεῖν

4 3047 7 3052 ’
128 3054 176 3137 τη]
205 3051 369 3138 πρότερον
397 3050 483 3138 λόγῳ
506 3055 561 3119 καὶ
585 3047 688 3140 “ᾖδειν
710 3050 835 3140 θνητόν
856 3047 1078 3143 γεγεννηκώς.

131 3149 253 3219 ἐκεῖνον
275 3152 333 3220 τόν
357 3155 493 3240 λέγοντα
508 3148 562 3221 ότι
588 3156 677 3223 Stob.
699 3154 791 3222 floril.
821 3156 941 3242 CVIII,
967 3160 1005 3221 76
1034 3178 1076 3224 ex
1097 3159 1271 3227 Fauorino:

130 3257 227 3319 νικῶν
263 3259 378 3338 μέντοι
412 3261 561 3344 τέθνηκε,
587 3249 685 3342 Ἀνὴρ
708 3256 743 3322 δέ
765 3254 799 3322 έν
819 3259 1109 3347 μεγαλοψυχίᾳ
1132 3253 1273 3349 ἀληθινῇ

130 3354 233 3423 πάλιν
259 3353 277 3423 ό
300 3359 461 3447 Ξενοφῶν
483 3357 562 3424 έπέ-
588 3359 644 3422 καὶ
666 3359 855 3447 φιλοσοφίᾳ
875 3365 1107 3445 τεθραμμένος
1130 3363 1196 3450 πρὸ
1210 3367 1271 3429 τῶν

129 3462 212 3523 θετο
224 3461 264 3545 τῇ
279 3457 475 3547 κεφαλῄτόν
488 3464 562 3526 στέ-
590 3458 766 3546 ξυμφορῶν
788 3457 848 3547 τὴν
868 3455 1034 3545 εὐθυμίαν
1054 3461 1088 3529 έν
1102 3467 1142 3552 τῇ
1161 3465 1270 3553 γνιόμη

131 3581 247 3645 φανον.
590 3554 772 3626 ἀπόθετον
787 3559 862 3643 ἔχει.
884 3561 922 3630 τὸ
942 3563 978 3630 δὲ
993 3563 1052 3631 ἐπὶ
1066 3579 1138 3643 τοῖς
1153 3566 1272 3646 δεινοῖς

589 3665 648 3749 της
671 3660 708 3739 ἐξ
727 3661 839 3748 ἑτέρου
854 3671 1062 3753 παρηγορίας
1073 3667 1200 3757 χρῄζειν
1214 3669 1271 3736 τόν

574 3760 704 3848 Ικαιρόν
720 3766 779 3850 τῆς
794 3759 957 3850 εὐθυμίας
979 3765 1214 3856 άπερβαίνειλ).
1231 3809 1272 3820 -

133 3880 335 3890 *—

217 3948 240 4009 1)
258 3943 335 4001 cons.
353 3962 380 4014 p.
393 3950 433 4000 τι.
510 3949 535 4011 2)
554 3947 669 4014 Ριςπε.
