2714 4500
78 251 106 300 >e
122 243 249 300 lontibus
269 245 366 314 quibus
378 245 507 301 Aelianus
525 246 553 300 ln
571 244 648 301 naria
665 244 779 300 historia
791 245 975 314 componenda
987 260 1052 300 usus
1064 246 1107 301 sit.
1144 245 1182 304 7?

78 416 126 482 .h.
140 417 216 501 XII,
234 421 285 501 35,
298 420 338 482 36
362 417 414 496 (de
434 419 554 503 aperiis
571 417 762 501 quibusdam
785 409 1032 501 diiudicandis).]

78 523 102 584 t:
123 510 198 586 Ὅτι
229 516 287 584 δύο
315 523 500 604 Περίαν-
527 520 614 586 Dicit
641 520 747 586 Maass
777 540 808 604 p.
833 522 871 583 57
900 519 996 584 haee:
1027 511 1090 585 ‘De
1112 517 1185 584 Pe-

78 606 499 708 ροι,ὁμὲνσοφὸςῆν,
527 621 695 688 riandre
725 621 891 687 Corinthio
921 619 1109 686 dubitabant
1131 620 1184 686 u'e·

78 720 329 806 δὲτύραννος.
345 723 499 788 καὶΜιλ-
527 729 627 807 teres,
650 743 727 788 num
748 722 834 789 idem
855 722 951 789 fuerit
972 721 1141 806 sapiens..
1155 771 1184 786 ..

78 823 169 901 οἱὸεις
183 836 281 908 τρεῖς,
304 818 321 889 ὁ
337 821 398 910 τὴν
411 829 500 908 Χερ·
527 824 659 891 Constat
666 825 857 891 exoratione
865 821 1069 890 Corinthiaea
1076 824 1184 905 (quam

81 947 183 1014 νησον
197 929 313 1003 κτίσας
327 927 380 991 καὶ
397 919 415 991 ὁ
433 930 500 989 Κο-
527 927 613 994 idem
637 928 791 1011 epimetrn
812 927 915 1011 prime
934 925 1032 991 Dioni
1047 919 1185 1008 Chryso·

79 1029 147 1094 ίλοο
186 1029 242 1093 καὶ
278 1022 295 1093 ὃ
335 1031 500 1109 Κίμωνος.
527 1035 628 1096 stomo
654 1028 841 1095 abiudieans
863 1028 1016 1094 Fauorini
1039 1045 1108 1093 esse
1130 1026 1185 1092 de-

79 1130 373 1215 θολλαιτίτταρες,
383 1120 500 1215 ηἘρο-
526 1134 691 1206 monstrat)
706 1131 950 1197 Fauorinum
964 1130 1058 1196 istam
1073 1128 1114 1195 de
1126 1129 1185 1195 Pe·

83 1237 149 1298 αία
173 1227 192 1318 ἡ
215 1236 327 1314 Σαμία
348 1225 368 1317 ἡ
390 1228 500 1315 Atya-
526 1233 655 1301 riandro
677 1234 822 1317 aporiam
842 1251 905 1298 non
929 1231 1033 1297 selum
1046 1229 1184 1314 nouisse,

82 1340 123 1401 ία
154 1327 175 1420 ἡ
200 1330 378 1417 Σαρδιανή.
409 1333 443 1397 οἳ
465 1330 501 1396 δέ
526 1355 647 1419 uerum,
664 1335 751 1419 quod
765 1335 894 1419 grauius
910 1338 967 1414 est,
983 1333 1088 1416 ipsum
1103 1331 1184 1397 diiu-

79 1458 125 1503 σι
154 1436 212 1500 καὶ
240 1432 354 1520 ἑτέρας
377 1431 425 1513 ἕξ,
455 1427 501 1510 ὥς
527 1437 662 1505 dieasse.
695 1438 868 1520 Postquam
890 1435 974 1501 enim
997 1433 1052 1499 ille
1074 1453 1106 1516 p.
1123 1437 1184 1497 520

81 1563 125 1605 αι
140 1534 204 1614 τὰς
219 1534 333 1614 πάσας
348 1535 435 1616 δέκα,
454 1527 500 1601 ὥν
527 1533 714 1623 [Emporias]
740 1559 804 1604 non
831 1538 900 1604 sine
929 1542 1015 1603 nerto
1044 1534 1185 1619 quodam

81 1664 123 1706 αι
134 1636 198 1723 τὴν
210 1642 366 1720 Κυμαίαν
376 1638 431 1704 καὶ
441 1634 499 1724 τὴν
526 1641 660 1707 oonsilio
675 1641 758 1707 dixit
772 1637 979 1723 Περίανδρον
995 1634 1054 1702 τὸν
1069 1639 1185 1719 Κυψέ-

79 1739 210 1806 νὸαίαν.
243 1737 380 1816 Βάκιδες
400 1751 498 1824 τρεῖς,
526 1737 657 1807 λαντον
673 1738 780 1829 σοφὸν
795 1749 828 1809 et
838 1762 870 1825 p.
884 1745 942 1807 521
958 1741 1087 1807 iterauIt
1098 1729 1184 1804 οὕτω

92 1841 158 1925 μὲν
200 1833 371 1918 Ἐλεώνιος
406 1835 424 1906 ὁ
464 1839 499 1906 δὲ
525 1838 592 1909 ὑπὸ
616 1842 676 1926 μὲν
697 1845 756 1909 τοῦ
777 1846 862 1910 θεοῦ
883 1839 1040 1928 βασιλεὺς
1062 1835 1128 1907 ὑπὸ
1149 1839 1185 1906 δὲ

80 1947 227 2032 θηναῑος
257 1937 274 2008 ὁ
305 1942 341 2009 δὲ
370 1940 498 2027 Ἀρκάς.
525 1948 591 2013 τῶν
628 1941 787 2032 Ἑλλήνων
824 1937 1030 2033 ἀνηγορεύθη
1068 1941 1184 2030 σοφός,

526 2049 613 2116 haud
636 2055 800 2116 contentus
816 2049 933 2131 statim,
956 2047 1185 2131 nequisquam

526 2151 673 2218 haereret
698 2149 826 2216 addidit
847 2146 1056 2232 Περίανδρος
1078 2143 1185 2235 σοφὸς

524 2252 584 2334 μὲν
599 2237 639 2339 ἦν
652 2244 725 2335 μετ’
740 2243 871 2336 ὀλίγων,
886 2247 1043 2337 τύραννος
1054 2248 1091 2313 δὲ
1101 2246 1185 2330 μετὰ

526 2354 673 2420 πολλῶν·
705 2345 922 2441 ἀμφότερα
952 2351 994 2417 δὲ
1023 2353 1089 2418 καὶ
1121 2351 1185 2417 τύ-

526 2478 674 2541 ραννος
695 2455 761 2520 καὶ
785 2452 917 2542 σοφὸς
937 2445 1089 2536 μόνος’.

526 2559 650 2626 Gellius
665 2558 752 2642 XIV,
769 2562 787 2623 6
806 2559 978 2643 interprete
992 2555 1185 2623 Nietzseheo

526 2661 778 2745 omnigenam
823 2659 1039 2729 historiam
1075 2658 1186 2725 adum·

526 2766 621 2830 bnans
639 2783 674 2830 se
691 2764 737 2830 ibi
748 2762 866 2847 legisse
878 2762 956 2829 dieit
968 2755 1059 2845 ‘quot
1070 2761 1187 2827 fuerint

526 2864 730 2950 Pythagorae
766 2863 911 2948 nobiles,
955 2870 1032 2948 quot
1064 2863 1186 2948 Hippe-

526 2958 659 3036 eratae'.

526 3070 578 3136 Di.
595 3070 651 3134 La.
673 3071 699 3153 Ι,
720 3071 775 3133 79;
801 3070 918 3153 Γέγονε
941 3066 1054 3134 δὲκαὶ
1076 3066 1187 3153 ἕτερος

526 3175 695 3246 Πίττακος
718 3172 912 3257 νομοθέτης,
936 3161 981 3247 ὥς
996 3190 1079 3257 φησι
1103 3174 1186 3232 ‹na-

525 3275 709 3357 βωρῖνος
735 3267 769 3336 ἐν
803 3262 1186 3358 ἀπομνημονευμά-

525 3397 605 3438 των
627 3377 756 3458 τρίτην
771 3373 826 3437 καὶ
840 3370 1032 3459 Δημήτριος
1047 3369 1081 3436 ἐν
1096 3365 1187 3454 ὁμω-

528 3471 651 3556 νύμοις,
668 3471 706 3552 ὃς
719 3474 773 3540 καὶ
788 3475 905 3560 μικρὸς
919 3472 1186 3561 προσηγορεύθη.

91 3603 98 3644 :
124 3569 290 3642 Ἐοίκασιν
314 3573 346 3639 οἶ
369 3565 501 3659 ἀρχαῖσι
527 3575 650 3643 Gellius
665 3577 739 3662 XX,
756 3581 775 3640 7
789 3577 857 3661 agit
869 3571 924 3644 ‘de
940 3577 1075 3643 diuersis
1088 3576 1186 3645 Grae·

82 3667 502 3765 τὲρτοῦᾶριθμοῦτων
528 3697 637 3744 eorum
669 3679 835 3745 sententiis
872 3698 992 3763 super
1023 3698 1186 3747 numere

82 3783 114 3866 ig
144 3774 308 3863 Νιόβης
338 3775 502 3844 παίδων
528 3779 681 3845 Niobae
702 3771 909 3844 filiorum'.

82 3907 84 3957 j
139 3875 292 3963 συνᾴδειν
336 3870 501 3965 ἀλλήλοις.

82 4003 188 4067 μηρος
209 3977 269 4060 μὲν
292 3976 329 4056 ἓξ
342 3979 427 4064 λέγει
444 3974 502 4065 ἅρ-
