2714 4500
82 251 111 302 >e
126 245 254 301 lontibus
271 245 368 316 quibus
377 245 507 300 Aelianus
519 245 549 300 in
562 244 641 300 uaria
654 244 768 300 historia
783 245 967 314 componenda
980 261 1046 301 usus
1061 246 1104 301 sit.
1141 245 1180 304 79

82 441 114 488 so
140 419 226 486 banc
255 419 411 502 originem
439 419 479 485 iis
506 418 665 485 lemmatis
688 438 770 501 quae
791 437 851 501 per
872 438 907 484 se
930 419 1087 484 collocata
1108 427 1180 486 sunt

101 522 230 606 singulis
252 521 446 605 argumentis
468 522 668 587 continentur
689 520 816 586 omnino
837 518 1086 586 ‘abiudicandam
1109 539 1180 587 esse

82 623 198 689 ntcndi.
243 623 369 706 Nempe
396 641 447 688 res
476 623 522 688 ita
547 623 684 706 cogitari
711 628 833 705 potest,
861 628 897 688 ut
924 641 1006 705 quae
1035 623 1069 687 in
1090 624 1182 688 uaria

82 726 176 792 storia
198 725 370 809 separatim
393 729 529 808 exstant,
552 725 624 790 istic
638 744 709 791 curn
725 724 833 790 multis
849 724 1006 809 exemplis
1022 723 1180 791 similibus

82 825 257 910 haeserint,
286 827 349 892 nisi
372 825 458 909 quod
479 825 648 908 helianus,
677 827 760 892 sieut
780 825 982 892 Athenaeum
1004 844 1180 909 excerpens

82 948 276 1012 numquam
288 929 373 1010 fecit,
389 927 599 1012 principalem
616 928 670 1009 qui
686 927 750 994 illis
765 926 853 1012 apud
864 928 1057 993 Fauorinum
1069 927 1181 994 fuisset

82 1051 115 1096 rn
135 1031 248 1097 uicinis
271 1050 427 1096 conexum
450 1029 648 1095 exstinxerit.
685 1028 792 1112 Atque
814 1029 875 1095 hoe
890 1049 1017 1114 quoque
1039 1029 1109 1096 fieri
1123 1049 1181 1113 po·

82 1132 113 1217 it,
135 1139 169 1198 ut
184 1133 361 1199 Fauorinus
384 1132 454 1214 ipse
476 1131 603 1214 singula
618 1129 747 1214 quidem
761 1138 950 1214 argumenta
965 1132 1047 1198 inter
1061 1151 1178 1216 aequa-

82 1236 190 1301 uillas
220 1234 501 1300 commentationes
531 1232 584 1298 hic
611 1233 679 1299 illic
701 1233 934 1318 interposuerit.
977 1235 1079 1300 Immo
1102 1253 1179 1301 uero
1293 1279 1295 1283 ψ

82 1335 128 1402 ‚ud
154 1357 259 1421 pauca
287 1337 447 1401 uariorum
477 1335 631 1420 capitula,
661 1335 895 1419 quae'quidem
918 1334 1180 1419 unumquodque

82 1459 166 1506 orsus
194 1440 298 1504 locum
328 1438 485 1519 obtinent,
515 1455 556 1502 ex
585 1434 698 1502 eodem
726 1437 832 1502 lexico
860 1437 1009 1502 uidentur
1034 1436 1180 1503 deriuata

82 1557 119 1609 se.
153 1542 236 1607 Nam
260 1540 346 1624 quod
368 1539 570 1622 omnigenam
591 1538 757 1606 historiam
778 1539 821 1605 ad
844 1539 1046 1621 quaestiones
1061 1539 1178 1605 Horne-

82 1663 138 1728 as,
170 1644 213 1709 ad
235 1645 431 1725 inuentores,
461 1641 503 1707 ad
525 1640 670 1706 homines
693 1642 913 1725 cognomines,
936 1640 978 1707 ad
1000 1645 1100 1706 terras
1124 1640 1178 1706 de·

82 1744 238 1825 11166666,
253 1743 296 1809 ad
310 1743 544 1828 appellationes
560 1742 767 1826 explicandas
782 1743 973 1826 pertinuisse
988 1741 1178 1809 testimoniis

82 1847 147 1930 ellii,
171 1846 336 1929 Diogenis,
358 1845 466 1910 Photii
488 1845 580 1911 nobis
602 1849 798 1928 compertum
822 1850 879 1928 est,
901 1844 983 1912 haec
1002 1846 1073 1928 ipsa
1086 1864 1179 1927 argu·

82 1954 146 2014 tnta
170 1947 266 2012 etiam
289 1953 380 2013 extra
401 1947 475 2013 illos
497 1947 647 2012 similium
669 1966 774 2013 rerum
797 1946 947 2014 elenchos
972 1968 1030 2031 per
1051 1949 1179 2014 Aeliani

82 2050 129 2114 ria
144 2048 433 2132 deprehenduntur.
463 2048 636 2114 Versantur
651 2049 736 2113 enirn
751 2049 784 2114 in
799 2049 978 2116 Homericis
994 2064 1023 2115 u.
1037 2050 1068 2115 h.
1080 2051 1134 2134 VI,
1148 2053 1178 2134 9,

82 2152 124 2235 Π,
142 2154 172 2234 2,
187 2149 244 2233 ΙΧ,
259 2154 307 2234 15,
323 2151 397 2231 XII,
410 2153 460 2233 48,
476 2149 565 2232 ΧΠΙ,
583 2152 632 2232 14,
650 2152 699 2233 19,
716 2153 766 2235 22,
780 2153 836 2234 38,
852 2152 885 2214 in
901 2152 1039 2217 inuentis
1050 2152 1108 2235 IX,
1123 2155 1178 2236 16,

91 2271 225 2318 numero
250 2253 419 2317 mulierum
440 2251 567 2317 nomine
589 2249 739 2335 Sapphus
761 2253 946 2318 necatarum
962 2253 1036 2336 XII,
1054 2255 1103 2335 18,
1127 2255 1177 2336 19,

81 2376 135 2421 am
162 2355 307 2439 aporiam
336 2372 377 2418 cx
406 2352 520 2418 codem
548 2352 647 2418 inciso
677 2353 761 2418 unde
785 2372 813 2418 u.
834 2352 865 2418 b.
888 2354 961 2436 XII,
986 2356 1035 2436 35,
1060 2355 1099 2419 36
1122 2353 1178 2420 de·

82 2461 216 2539 emptam
240 2475 311 2523 esse
333 2461 453 2538 statuo,
476 2455 509 2520 in
531 2453 745 2538 descriptione
767 2459 921 2520 terrarum
942 2455 980 2539 V,
997 2458 1025 2538 3,
1048 2455 1106 2539 IX,
1128 2459 1179 2539 16,

82 2558 130 2636 II,
148 2562 202 2641 16,
226 2557 259 2622 in
280 2557 461 2623 nominibus
484 2555 668 2622 deriuandis
690 2556 727 2639 V,
744 2559 794 2640 20,
810 2557 884 2640 XII,
900 2562 930 2641 5,
946 2559 997 2640 28,
1013 2591 1052 2600 -
1068 2556 1110 2640 Π,
1127 2560 1177 2640 32,

82 2660 94 2743 ’,
118 2661 158 2723 26
180 2660 218 2743 V,
243 2661 272 2742 3,
301 2659 728 2741 61116661μ6τονομασὶαι,
758 2659 791 2723 in
813 2658 1026 2743 explicatione
1049 2679 1178 2744 prouer-

82 2781 163 2827 ›rum
184 2761 337 2843 VHl,18,
360 2761 434 2842 XII,
450 2763 501 2842 22,
523 2760 613 2844 ΧΠΙ,
630 2763 679 2824 17.

123 2880 283 2962 Imprimis
305 2899 381 2946 uero
404 2879 494 2962 haec,
518 2881 594 2963 quia
615 2877 658 2945 ad
679 2899 779 2962 genus
799 2880 976 2945 litterarum
1000 2875 1180 2964 αἰτιολογι-

81 3005 96 3044 ν
118 2982 264 3066 proxime
287 2980 452 3063 accedunt,
475 2982 676 3065 omnigenam
699 2980 864 3048 historiam
886 2981 1006 3047 fontem
1025 2982 1179 3048 clamant:

125 3100 161 3163 V.
178 3098 209 3164 h.
225 3100 282 3165 IX.
301 3102 353 3164 16:
381 3095 445 3185 Τὴν
462 3091 605 3166 Ἰταλίαν
627 3093 757 3186 ᾤκησαν
779 3101 869 3185 πρῶ
875 3122 940 3165 τοι
953 3092 1107 3176 Αὔσονες
1122 3090 1181 3163 αὖ·

82 3202 208 3281 ,θονες.
240 3193 469 3285 πρεσβύτατον
491 3198 527 3265 δὲ
548 3204 707 3286 γενέσθαι
728 3200 852 3288 Μάρην
874 3197 949 3267 τινὰ
970 3199 1179 3282 καλούμενον,

93 3298 136 3365 τὰ
150 3301 211 3384 μὲν
227 3298 420 3386 ἔμπροσθεν
437 3303 587 3387 λέγουσιν
603 3295 777 3389 ἀνθρώπῳ
792 3294 902 3385 ὅμοια,
918 3298 960 3366 τὰ
971 3299 1179 3368 κατόπισθεν

91 3402 201 3488 ἵππῳ.
232 3396 328 3470 αὐτὸ
350 3397 590 3486 disciscunt
612 3401 675 3481 εἰς
696 3398 1181 3492 τὴνἙλλάὸαφασὶνὶπ-

82 3502 222 3591 νμιγὴς
245 3503 427 3571 δύναται.
452 3504 568 3572 δοκεῖ
590 3504 633 3570 δέ
654 3529 726 3587 μοι
746 3506 909 3591 πρῶτος
930 3496 1181 3570 ἵππονᾶνα-

82 3609 166 3692 ,ναι
193 3608 260 3672 καὶ
288 3604 487 3692 ἐμβαλεῖν
510 3599 616 3693 αὐτῷ
636 3603 826 3688 χαλινόν,
856 3601 947 3670 εἶτα
974 3603 1012 3672 ἐκ
1032 3603 1181 3695 ναύταν

89 3705 194 3795 perio
223 3711 550 3796 ncornvbrjvotb.
594 3709 770 3775 Subiuncta
797 3717 846 3775 est
872 3709 1045 3794 descriptio
1067 3710 1181 3775 Italiae

81 3811 211 3894 etorica,
234 3830 330 3894 quarn
351 3812 479 3877 Aeliani
500 3811 601 3895 ipsius
625 3830 694 3876 esse
716 3811 861 3877 arbitror.
919 3800 940 3890 7,
963 3817 986 3892 lt
1006 3806 1183 3904 ,tranare

82 3931 245 3938 *—

1196 3788 1301 3847 nst.

130 3992 213 4084 1191.
231 4008 258 4062 p.
277 3996 356 4063 ltsq.
374 3999 401 4049 61
419 3993 487 4049 Gell.
505 3993 527 4062 1,
547 3998 586 4049 10.
