2714 4500
130 221 175 276 De
194 221 322 278 fontibus
342 221 438 291 quibus
450 221 579 277 Aelianus
596 221 625 275 in
642 221 721 275 uaria
732 220 844 276 hittoria
855 218 1041 292 componenda
1053 235 1118 275 usus
1131 219 1174 275 sit.
1213 219 1250 279 17

98 399 273 479 praeterea
288 394 452 476 utriusque
467 392 614 477 affinitas,
629 395 693 460 nIsi
707 392 794 476 quod
809 413 839 459 u.
848 392 879 457 h.
891 392 978 476 XIV,
995 396 1032 454 14
1045 399 1077 458 et
1087 391 1162 457 Ath.
1174 392 1252 458 VIII

101 517 147 562 cc.
163 498 294 560 40-46
311 494 352 560 de
368 493 546 561 Stratonico
563 494 758 576 citharoedo,
781 516 811 561 u.
824 494 856 559 h.
872 494 958 578 XIV,
976 497 1015 559 26
1032 494 1073 560 de
1087 496 1252 579 Antagora

102 597 236 663 homine
258 595 426 680 maledico,
448 595 522 661 Ath.
539 597 617 663 VIII
630 617 661 681 p.
679 596 762 661 340f
780 596 821 662 de
844 595 958 662 eodem
982 593 1131 662 helluone
1146 595 1250 662 diuer-

104 704 175 766 sum
197 699 232 763 In
254 697 385 764 modum
407 697 520 781 agitur.
554 698 623 764 Iam
638 704 672 764 ut
688 716 770 780 quae
785 696 826 763 do
840 696 1042 782 philosophis
1056 717 1115 781 per
1129 697 1251 763 uariam

104 799 272 867 historiam
301 799 449 882 leguntur
476 818 579 883 paene
609 801 716 866 omnia
743 799 873 867 aliunde
902 799 935 863 in
962 818 1034 866 eam
1056 798 1252 867 deuencrunt

96 920 210 984 neque
235 919 276 966 ex
297 899 474 983 Athenaeo,
498 901 544 966 ita
566 906 598 966 et
618 901 723 984 ipsum
745 901 825 967 illud
848 907 954 985 caput,
977 921 1039 984 quo
1061 900 1250 967 Aristoteles

105 1002 258 1087 carpitur,
281 1002 323 1067 ab
344 1002 409 1067 alio
432 1001 571 1084 quodam
593 1002 679 1072 fonte
701 1005 800 1069 multo
823 1004 928 1088 aptius
950 1002 1112 1086 repetitur.

192 1101 277 1182 Quid
306 1102 429 1168 multa?
462 1103 498 1170 Si
525 1109 592 1170 tota
621 1124 703 1187 quae
730 1105 877 1189 proxime
899 1104 1071 1170 antecessit
1093 1104 1251 1187 exposItio
1298 1152 1300 1157 -

107 1204 368 1289 circumspicitur,
385 1211 581 1290 quantopere
597 1206 766 1272 manifesta
780 1207 837 1271 illa
851 1203 1053 1271 necessItudo
1070 1224 1152 1287 quae
1167 1205 1251 1270 Inter
1336 1208 1339 1214 '

106 1307 231 1372 uariam
254 1305 418 1372 historiam
441 1312 473 1372 et
485 1307 584 1373 libros
598 1307 651 1378 IX
662 1308 695 1372 X
709 1307 773 1372 XII
787 1305 955 1372 intercedit
971 1305 1001 1371 ei
1015 1311 1172 1388 repugnet
1187 1323 1252 1386 qua
1338 1357 1341 1362 r

105 1409 206 1474 libros
228 1407 306 1473 VIII
326 1408 407 1472 XIII
428 1407 505 1472 XIV
528 1427 598 1473 cum
625 1409 684 1474 illa
711 1408 882 1475 cohaerere
909 1406 1004 1473 modo
1033 1405 1186 1489 uidimus,
1216 1406 1250 1471 in

105 1503 278 1594 ¹propatulo
302 1515 359 1576 est.
404 1509 448 1576 Ut
468 1509 581 1592 igitur,
613 1510 696 1576 unde
719 1529 848 1593 egressa
870 1515 934 1592 est,
957 1513 1135 1575 reuertatur
1157 1527 1249 1591 argu·

106 1612 271 1694 mentatio,
295 1630 377 1694 quae
396 1609 518 1676 inuh.
534 1610 572 1694 V,
589 1614 617 1695 9,
640 1611 698 1695 XI,
717 1614 765 1694 12,
787 1609 861 1694 ΧΠ,
880 1612 928 1693 13,
951 1609 1037 1692 XIV,
1055 1611 1094 1672 23
1110 1615 1246 1694 exstant,

106 1714 183 1781 licet
205 1712 319 1780 eadem
341 1712 376 1777 in
396 1710 556 1779 Athenaei
579 1713 777 1780 sermonibus
799 1711 1020 1779 conuiualibus
1039 1712 1249 1795 inuenIantur,

107 1821 214 1882 lamen
239 1815 395 1898 originem
417 1813 493 1879 inde
515 1833 578 1879 non
600 1816 737 1882 traxisse
759 1815 947 1899 cognouIsse
970 1811 1049 1878 mihi
1071 1812 1193 1880 uidcor.

193 1914 283 1994 Quae
306 1935 377 1982 cum
398 1916 444 1981 ita
467 1915 544 1998 sint,
568 1916 596 1982 si
619 1916 802 1984 conceditur
824 1917 922 1982 libros
944 1914 1148 2002 I-Vlllct
1169 1915 1250 1981 XIH

106 2017 216 2089 -XV
238 2016 281 2082 ad
303 2017 425 2082 uariam
440 2015 604 2082 historiam
620 2016 818 2084 conflandam
833 2016 959 2082 adhibit
945 2023 995 2082 tos
1011 2036 1075 2082 non
1090 2036 1170 2100 esse,
1195 2036 1250 2102 eos

105 2118 244 2185 Achano
274 2137 315 2184 ne
342 2124 486 2218 praesto
494 2118 630 2205 (pridem
658 2120 756 2186 fuisse
778 2125 1024 2185 consentaneum
1048 2124 1104 2184 est.
1155 2068 1250 2185 Unde

99 2212 242 2286 discere
245 2210 422 2286 uidemur
423 2204 730 2304 δειπνοσοφιστῶν
762 2219 939 2301 uolumina,
974 2220 1002 2285 si
1032 2237 1094 2283 non
1124 2219 1251 2300 singula

104 2321 259 2404 deinceps
281 2320 476 2404 prodierunt,
499 2327 533 2387 at
555 2328 640 2387 certe
663 2321 848 2403 singillatim
869 2319 957 2404 apud
979 2320 1127 2385 librarIos
1149 2319 1249 2385 fuisse

104 2422 243 2488 uenalia.

191 2522 340 2590 Ceterum
361 2541 412 2588 me
433 2543 497 2589 non
518 2523 599 2607 fugit
621 2523 764 2590 ordinem
787 2543 850 2606 quo
864 2521 1049 2590 Athenaeus
1072 2541 1130 2588 sua
1151 2520 1249 2587 collo·

105 2625 193 2692 cauit
214 2624 255 2690 ab
276 2622 411 2689 Aeliano
436 2624 483 2690 bis
505 2625 636 2709 paulum
659 2624 811 2692 inflexum
826 2645 906 2692 csse.
944 2624 1051 2689 Primo
1068 2625 1152 2690 enim
1167 2624 1249 2707 loco,

105 2727 133 2793 si
148 2726 292 2792 tabulam
307 2744 404 2809 supra
419 2724 613 2810 adscriptam
628 2728 819 2813 respexeris,
843 2747 925 2811 eum,
949 2732 1121 2810 postquam
1140 2727 1249 2794 uariae

105 2827 260 2895 historiae
282 2826 356 2892 libri
378 2826 411 2890 X
432 2833 528 2910 caput
550 2830 568 2890 6
592 2848 727 2896 exarans
749 2828 908 2896 Athenaei
930 2827 1083 2912 paginam
1106 2830 1194 2895 552e
1217 2830 1250 2894 in

105 2928 316 2997 describendo
338 2934 502 2994 assecutus
525 2937 581 3012 cst,
605 2931 638 2995 in
660 2932 734 2997 libri
756 2931 821 2996 Xll
843 2931 949 3015 capite
965 2931 1005 2993 24
1029 2935 1061 2996 et
1081 2930 1156 2996 libri
1170 2929 1248 2994 XIV

105 3032 213 3115 capite
242 3034 259 3093 7
293 3029 336 3095 ad
366 3030 433 3096 cius
461 3031 595 3114 pagiuas
624 3034 740 3100 5415ο
769 3041 801 3100 et
830 3032 946 3098 5500d
976 3051 1155 3116 regressum
1179 3050 1249 3097 esse

105 3151 271 3216 agnosces.
293 3129 370 3212 ,Sed
392 3150 456 3196 non
478 3138 526 3197 est
549 3134 634 3216 quod
656 3136 688 3199 in
712 3155 751 3202 ea
772 3155 806 3201 re
823 3134 1020 3200 haereamus.
1055 3134 1155 3198 Immo
1172 3151 1249 3199 uero

105 3252 225 3299 nouum
252 3231 328 3299 inde
358 3232 467 3299 euadit
495 3242 717 3317 argumentum
746 3256 808 3320 quo
832 3255 904 3302 eum
927 3236 1012 3301 tertii
1035 3234 1152 3301 decImi
1174 3235 1249 3301 libri

107 3331 399 3419 δειπνοσοφιστῶν
422 3341 586 3419 expertem
609 3338 707 3405 fuisse
731 3339 903 3404 euincatur.
939 3335 1001 3414 Qui
1023 3337 1051 3402 si
1073 3337 1103 3401 ei
1125 3336 1168 3401 ad
1183 3357 1249 3402 ma·

106 3455 182 3501 num
203 3435 331 3518 fuisset,
363 3434 456 3502 huius
481 3438 661 3505 recentibus
683 3440 850 3506 lenociniis
873 3440 919 3504 uti
942 3458 1037 3520 quam
1059 3436 1153 3502 finem
1175 3439 1249 3504 libri

107 3535 291 3602 duodecimi
313 3536 407 3602 modo
431 3537 577 3605 exhausti
600 3541 713 3606 iterum
728 3541 818 3607 adire
832 3540 945 3626 procul
960 3538 1058 3603 dubio
1074 3539 1248 3607 maluisset.

120 3644 122 3649 ’
192 3637 277 3704 Dein
299 3638 385 3703 idem
407 3658 597 3722 quamquam
619 3638 802 3722 primariam
825 3660 907 3723 quae
931 3642 963 3705 in
986 3638 1144 3705 Athenaei
1167 3642 1247 3708 libro

106 3739 172 3804 XII
194 3744 243 3805 est
264 3742 442 3822 argumenti
465 3741 732 3806 continuationem
755 3740 830 3807 inde
852 3741 961 3807 auh.
978 3742 1047 3824 Vll,
1066 3744 1084 3803 2
1108 3763 1176 3808 curn
1200 3763 1248 3810 re·

106 3841 227 3924 ligionc
250 3845 345 3917 tenet,
369 3848 464 3908 antea
478 3862 509 3907 u.
522 3841 553 3906 h.
575 3842 628 3923 IV,
645 3844 694 3923 22,
712 3843 761 3925 23,
779 3845 818 3906 25
842 3844 1054 3910 transcribens
1076 3843 1117 3907 ab
1141 3863 1180 3909 ea
1201 3865 1249 3911 re-

107 3941 214 4023 cessit,
237 3941 264 4007 si
288 3939 417 4022 quidem
441 3961 458 4008 c
479 3963 611 4008 numero
634 3942 775 4026 capitum
799 3964 880 4027 quae
903 3945 972 4011 dixi
988 3945 1124 4029 primum
1140 3967 1160 4010 a
1176 3946 1249 4011 libri

157 4045 276 4098 Leipzigar
288 4047 387 4091 Studien.
408 4049 454 4092 VII.
527 4113 528 4116 Ἴ
1033 4046 1047 4096 2
