2714 4500
138 167 198 226 112
599 166 678 221 Felix
695 167 821 238 Rudolph

135 338 168 406 S.
184 360 231 405 u.:
255 339 421 405 Βισαλτία
436 339 536 418 πόλις
553 343 608 406 καὶ
621 339 713 429 χῶρα
729 346 846 407 Μακε-
875 336 1134 423 Θεόπομπος
1151 333 1185 404 d‘
1201 338 1237 406 ἒν
1252 343 1291 427 τῇ

136 438 256 521 ὄόνων,
288 433 356 507 ἀπὸ
380 441 548 508 Βισάλτοα
570 445 630 508 τοῦ
648 438 765 511 Ἡλίου
791 445 847 508 καί
874 439 1004 529 εἰκοστῇ
1031 443 1099 507 τῶν
1131 442 1292 528 ἱστοριῶν

136 545 211 629 Γῆς.
245 545 322 630 περὶ
338 542 460 632 ταύτην
475 544 508 610 οἱ
524 545 619 629 λαγοὶ
635 542 847 628 οχεδὸνπάν-
874 545 952 629 περὶ
994 540 1054 629 τὴν
1098 544 1291 610 Βισαλτίαν

133 667 188 720 τες
210 639 403 711 ἁλίσκονται
425 643 483 711 δύο
505 638 620 731 ἥπατα
642 646 779 729 ἔχοντες,
802 641 849 722 ῶς
874 646 958 734 φησὶ
1002 642 1154 730 λαγωοὺς
1201 650 1292 731 γίνε-

137 744 391 829 Θεόπομπος
420 746 587 834 ἱστορεῖ
607 751 673 814 καί
699 753 847 832 <liudm-
875 751 961 813 σθαι
982 745 1041 812 δύο
1059 739 1179 833 ἥπατα
1196 745 1290 829 ’έχον-

135 862 261 934 ρῐνος.
873 873 944 926 τας.

220 951 293 1018 Suis
316 951 487 1036 Calydonii
508 955 701 1022 mentionem
724 955 845 1021 faciunt
865 952 1050 1019 Athenaeus
1072 954 1122 1018 IX
1143 975 1175 1039 p.
1194 956 1287 1020 401b

135 1060 167 1119 et
189 1052 372 1138 Stephanus
393 1074 418 1121 s.
434 1076 464 1120 u.
481 1053 680 1140 Κρεμμαῶν,
709 1055 763 1122 hic
784 1056 979 1122 Fauorinum
1001 1061 1175 1121 antestans,
1223 1057 1288 1124 Ac·

135 1155 221 1221 cedit
242 1156 329 1239 quod
350 1155 510 1224 Athenaei
535 1159 633 1225 libros
655 1158 730 1241 VII,
753 1157 845 1241 VIII,
869 1158 916 1223 IX
944 1177 985 1223 ex
1012 1156 1119 1224 lexico
1143 1157 1290 1240 quodam

133 1255 266 1324 fluxisse
284 1259 338 1325 uel
351 1278 410 1342 per
424 1279 459 1325 se
474 1267 624 1344 apparet3
648 1260 767 1326 habent
789 1261 873 1324 enlm
895 1261 1075 1326 etlamnunc
1097 1279 1196 1326 uoces
1220 1262 1287 1344 pri·

133 1361 267 1442 marias,
296 1361 467 1444 inquibus
498 1362 698 1446 explicandis
727 1363 894 1444 sequentia
921 1367 1104 1443 uersantur,
1134 1381 1156 1426 a
1177 1360 1284 1426 fronte

134 1462 275 1544 capitum
297 1481 423 1528 seorsus
444 1464 626 1548 appositas,
655 1465 743 1530 uelut
765 1465 847 1529 liber
868 1483 970 1529 nonus
999 1462 1073 1528 has:
1107 1463 1284 1541 ΟΡΝΕΙΣ,

133 1563 351 1643 ΔΕΛΦΑΞ,
374 1569 495 1644 ΧΗΝ,
518 1567 766 1644 ΑΤΤΑΓΑΣ,
790 1564 1076 1641 ΠΟΡΦΥΡΙΩΝ,
1100 1564 1286 1627 ΠΟΡΦΥ-

55 1676 56 1679 ¹
133 1667 214 1743 1³12,
237 1667 416 1744 ΠΕΡΛΙΞ,
445 1667 654 1744 cerussa,
679 1667 869 1744 chxAr,
893 1665 1093 1743 ΝΗΤΤΑΙ,
1120 1666 1288 1730 ΓΑΛΑ-

136 1766 319 1845 omnum,
348 1766 488 1845 ΤΑΩΣ,
512 1771 610 1846 xxx,
638 1771 766 1833 ΨνΑι.
804 1790 806 1794 ¹

219 1869 287 1934 Iam
309 1875 344 1935 ut
366 1890 407 1935 ex
429 1891 534 1954 ungue
556 1872 607 1937 leo
631 1872 780 1954 cognosci
802 1877 925 1956 potest,
955 1871 1001 1934 ita
1022 1869 1222 1950 Athenaeus,
1255 1871 1286 1935 si

133 1968 218 2036 hanc
232 1963 329 2037 unam
343 1972 384 2038 de
400 1974 562 2057 leporibus
576 1974 738 2040 Bisaltiois
753 1974 905 2040 fabellam
927 1993 969 2038 ex
989 1972 1157 2054 omnigena
1178 1971 1286 2037 histo·

132 2073 182 2136 ria
209 2073 361 2140 Fauorini
390 2081 550 2142 mutuatus
579 2083 641 2158 est,
674 2075 865 2158 ubicumque
893 2075 1045 2140 animalia
1070 2093 1130 2156 per
1158 2092 1286 2156 genera

134 2180 257 2259 tractat,
281 2197 322 2243 ex
338 2197 377 2244 ea
392 2177 520 2262 pendet,
544 2178 578 2243 id
594 2185 642 2244 est
656 2198 720 2243 non
734 2177 830 2244 modo
845 2179 877 2241 in
891 2177 967 2242 libri
987 2175 1063 2240 noni
1081 2194 1127 2240 cc.
1140 2178 1284 2257 61-63,

133 2277 311 2344 sedetiam
334 2281 367 2344 in
388 2281 479 2346 libris
501 2281 577 2362 VII,
599 2280 691 2360 VIII,
715 2280 777 2362 IX,
807 2286 918 2364 utpote
941 2277 996 2360 qui
1018 2276 1192 2343 communis
1216 2277 1284 2342 ori·

133 2380 217 2462 ginis
245 2383 317 2447 sint.
366 2382 402 2448 Si
430 2384 527 2466 igitur
555 2381 636 2448 haee
665 2382 767 2448 omnis
796 2400 872 2464 pars
901 2377 1192 2463 δειπνοσοφιστῶν
1222 2376 1284 2444 de-

134 2489 282 2566 prompta
297 2489 401 2549 estex
416 2485 566 2550 lemmate
588 2485 675 2550 illius
696 2484 794 2549 lexici
817 2480 884 2566 ζῶα
906 2481 1059 2564 inscripti,
1082 2480 1116 2544 in
1138 2498 1177 2544 eo
1200 2480 1285 2546 lem-

133 2590 217 2649 mate
240 2586 310 2669 ipso
334 2587 429 2652 etiam
452 2586 492 2651 de
515 2585 648 2668 singulis
676 2585 787 2652 bestiis
816 2582 990 2650 secundum
1019 2576 1164 2647 ordinem
1194 2582 1284 2648 litte·

133 2704 239 2750 rarum
262 2687 457 2771 disputatum
479 2688 577 2754 fuisse
600 2708 642 2754 ex
664 2687 831 2752 Athenaeo
854 2687 930 2751 licet
952 2682 1108 2752 concludi.
1266 2693 1268 2695 ’

695 2877 723 2938 3.

217 2991 401 3060 Athenaeus
424 3000 593 3078 postquam
615 2993 689 3058 inde
712 2992 753 3058 ab
776 2991 866 3056 initio
889 2991 963 3056 libri
985 2987 1145 3054 undecimi
1174 3007 1281 3070 usque

134 3093 177 3158 ad
193 3100 289 3178 caput
305 3097 365 3159 110
384 3093 639 3161 dissertationem
655 3093 695 3160 de
711 3094 896 3178 poculorum
911 3091 1081 3175 generibus
1096 3111 1160 3157 non
1174 3092 1282 3174 magis
1309 3168 1314 3175 p

133 3194 260 3262 doctam
284 3216 379 3279 quam
402 3198 541 3262 ieiunam
567 3196 731 3280 praebuit,
761 3194 912 3261 extremis
934 3193 1092 3277 capitibus
1110 3195 1281 3255 112-120

133 3297 278 3364 Platonis
301 3298 590 3382 discipulorumque
613 3297 682 3363 eius
707 3296 862 3362 inuidiam
890 3295 997 3360 multis
1020 3294 1177 3377 exemplis
1204 3314 1281 3377 pro·

132 3401 285 3483 sequitur,
309 3400 359 3466 his
380 3401 487 3466 uerbis
511 3420 656 3466 exorsus:
681 3396 728 3473 εἰς
743 3394 846 3462 ταῦτά
861 3418 913 3471 τις
929 3387 1133 3478 ἀποβλέπων
1155 3391 1197 3459 τὰ
1220 3396 1281 3458 τοῦ

132 3499 233 3564 καλοῦ
261 3502 532 3588 Ξενοφῶντος
565 3496 795 3584 ἐπιγινώσκειν
825 3497 999 3584 δονήσεται
1027 3494 1067 3583 ἣν
1096 3491 1161 3577 εἶχε
1192 3495 1280 3579 πρὸς

134 3593 234 3665 αὐτὸν
250 3598 267 3666 ὁ
283 3601 519 3686 λαμπρότατος
533 3600 708 3666 Πλάτων
731 3599 995 3687 ζηλοτυπίαν.
1032 3587 1052 3684 ἢ
1073 3596 1158 3680 τάχα
1181 3599 1278 3686 φιλο·

133 3708 248 3780 νείκας
271 3701 357 3785 εἶχον
373 3698 518 3791 ἀρχῆθεν
536 3702 622 3788 πρὸς
644 3699 781 3778 ἑαυτοὺς
803 3701 835 3767 οἱ
858 3695 975 3787 ἄνδρες
997 3695 1099 3780 οὗτοι,
1123 3698 1278 3766 αἰσθό-

131 3828 251 3888 μενοι
273 3809 341 3891 τῆς
365 3805 471 3880 ίὸίας
493 3803 686 3890 ἑκάτερος
708 3796 868 3890 ἀρετῆς,
891 3807 959 3870 καὶ
982 3804 1077 3882 ἴσως
1100 3805 1164 3869 καὶ
1187 3804 1277 3888 περὶ
1329 3806 1333 3818 “

132 3912 351 3993 πρωτείων
380 3906 637 3993 διεφέροντο.
686 3908 863 3990 Utrumque
892 3908 977 3973 enim
1007 3908 1085 3976 dicit
1113 3906 1277 3992 symposia
