2714 4500
103 237 140 292 De
155 236 283 293 fontibus
301 238 540 307 0111101010110
557 239 585 292 in
597 239 674 293 uaria
686 238 801 294 historia
819 239 1005 307 componenda
1016 256 1082 296 usus
1094 243 1138 296 sit.
1175 243 1215 302 97

53 409 113 488 (h.
127 432 156 476 a.
172 411 215 494 X,
234 412 297 488 23).
333 412 391 477 Est
405 412 503 494 igitur
517 419 651 495 utraque
674 411 808 478 historia
830 412 958 478 omnino
980 412 1095 478 iisdem
1117 415 1216 497 parti·

52 513 148 579 culis
171 513 321 579 similiter
334 515 495 598 usurpatis
510 513 675 598 adornata,
698 515 761 579 nisi
783 512 870 596 quod
891 514 1007 579 librum
1029 513 1216 579 bestiarium

48 614 275 680 Aelianismis
302 615 475 697 aliquanto
491 616 672 682 uberiorem
694 614 833 683 euadere
861 635 956 698 quam
985 615 1075 680 uaria
1104 635 1216 681 conce·

51 714 210 781 dendum
226 721 284 781 est.
323 717 372 781 De
388 717 583 783 locutionum
599 737 681 800 quac
696 718 779 782 inter
793 723 961 799 utrumque
982 716 1099 781 librum
1120 717 1216 782 inter·

51 815 156 884 cedit
183 816 392 883 similitudine
416 818 479 884 nisi
500 818 581 885 forte
604 819 674 901 ipse
697 837 851 901 quaerere
871 818 974 884 mauis
996 852 1038 862 —
1060 823 1109 885 est
1131 819 1216 884 enim

48 919 140 985 luce
156 918 272 983 clarior
287 953 338 999 —‚
361 918 404 984 ad
418 919 553 986 Gesneri
568 921 796 1003 prolegomena
810 926 842 985 te
859 919 985 1003 delego.
1023 918 1117 997 Quod
1138 939 1215 986 uero

51 1020 101 1085 in
124 1009 308 1085 uniuersum
331 1021 470 1086 colorem
490 1021 617 1103 generis
646 1019 775 1086 dicendi
803 1021 932 1104 attinet,
961 1022 1216 1104 copiosissimum

53 1120 219 1204 quodque
241 1122 360 1186 lemma
379 1122 488 1189 uariae
511 1122 664 1188 historiae
686 1122 729 1187 ad
750 1121 946 1188 narrationes
964 1142 1046 1204 quae
1061 1124 1129 1190 illic
1144 1129 1217 1189 sunt

50 1242 198 1307 prorsus
220 1221 347 1288 accedit
358 1224 390 1298 ¹).
424 1222 473 1315 Sit
494 1229 601 1290 autem
623 1224 851 1307 particularum
873 1225 1036 1308 usurpatio
1058 1244 1141 1307 quae
1163 1223 1217 1290 hic

56 1330 117 1391 est
138 1323 181 1389 ab
203 1324 260 1389 illo
281 1324 364 1389 libro
386 1327 551 1408 paululum
570 1324 714 1390 diuersa:
737 1326 770 1390 in
792 1323 921 1391 homine
944 1327 995 1391 cui
1016 1327 1133 1409 peritia
1155 1327 1215 1391 lin-

53 1445 151 1510 guae
174 1424 318 1491 Graecae
340 1433 504 1511 assumpta
526 1433 558 1493 et
579 1425 762 1493 aduenticia
784 1433 852 1493 erat
877 1426 1035 1510 quaedam
1064 1428 1216 1494 orationis

56 1527 283 1594 inconstantia
309 1526 389 1592 nihil
418 1527 516 1595 habet
537 1528 769 1594 admirationis.
812 1529 871 1594 His
894 1529 1039 1595 omnibus
1060 1529 1216 1613 reputatis

55 1631 175 1696 facere
189 1648 253 1694 non
270 1648 410 1712 possum,
433 1630 510 1711 quin
532 1629 617 1696 istud
639 1629 792 1696 iudicium
807 1628 1008 1714 Bemhardyi
1031 1650 1071 1696 ex
1094 1631 1216 1697 leuiore

59 1731 251 1814 cognitione
272 1729 401 1795 Aeliani
422 1732 599 1814 profectum
622 1751 692 1799 csse
715 1751 872 1798 censeam.

624 1919 661 1982 Β.

157 2042 185 2101 1.
208 2037 326 2102 Verum
341 2042 445 2101 tamen
461 2036 652 2119 quicumque
667 2037 766 2103 libros
780 2036 909 2102 Aeliani
923 2036 977 2102 uel
992 2036 1095 2102 obiter
1108 2037 1216 2102 animo

58 2141 241 2225 perlustrat
263 2136 343 2202 duas
365 2138 566 2221 potissimum
595 2158 724 2204 mouere
751 2143 858 2222 potest
886 2136 1107 2218 difficultates,
1137 2156 1217 2218 quas

62 2240 226 2326 expedire
248 2239 351 2320 magis
374 2259 490 2323 operae
512 2241 650 2324 pretium
673 2258 744 2305 esse
765 2239 892 2305 uidetur
914 2259 1010 2321 quam
1037 2257 1088 2303 100
1116 2239 1217 2302 mani·

59 2345 168 2410 festas
190 2341 224 2405 in
246 2340 378 2406 dubium
400 2360 526 2406 uocare.
566 2341 708 2406 Primum
731 2341 825 2423 enirn,
849 2359 920 2406 cum
941 2338 1075 2406 historia
1095 2340 1216 2403 anima-

47 2445 147 2521 -lium
169 2448 202 2509 et
222 2443 357 2527 prologo
380 2448 412 2508 et
434 2443 562 2527 epilogo
585 2443 739 2508 instructa
760 2443 802 2507 sit
823 2448 855 2508 01
877 2431 1050 2507 dictionem
1071 2442 1215 2506 1011010-

63 2534 176 2631 ganto
227 2543 374 2626 adeoque
402 2544 548 2627 putidam
578 2564 673 2627 quam
703 2545 821 2626 ubique
849 2549 1046 2610 constantem
1074 2561 1152 2625 prae
1181 2562 1216 2609 se

63 2648 152 2712 ferat
183 2646 274 2711 uaria
288 2645 423 2713 historia
437 2666 501 2711 non
516 2633 611 2713 modo
633 2646 832 2730 praefatione
854 2651 887 2710 01
906 2644 1109 2728 peroratione
1132 2651 1215 2727 eget,

62 2749 127 2817 sed
149 2736 247 2815 etiam
270 2748 352 2814 inter
372 2749 570 2814 narrationes
592 2754 660 2814 arte
683 2746 860 2832 sophistica
874 2745 1068 2830 compositas
1085 2745 1216 2818 exhibet

62 2853 193 2918 ieiunas
209 2848 372 2933 maridas,
396 2868 479 2932 quae
494 2870 611 2933 magna
626 2855 774 2933 exparte
796 2869 816 2914 a
838 2849 953 2915 uocula
975 2837 1029 2912 ὅτι
1050 2848 1214 2933 110101111.
1292 2840 1293 2844 ’

63 2952 145 3020 Iam
158 2954 221 3019 uiri
243 2951 338 3034 docti,
361 2951 389 3016 si
408 2950 664 3036 aBernhardyio
687 2944 1011 3034 1100011111,’111100
1033 2949 1216 3015 discrimine
1263 3024 1265 3029 ¹

68 3053 263 3140 explicando
292 3055 325 3118 in
355 3052 435 3119 duas
463 3060 570 3137 partes
598 3054 725 3120 abeunt.
771 3050 972 3120 Concludunt
1001 3051 1084 3116 enim
1114 3069 1154 3114 ex
1177 3069 1215 3115 eo

66 3157 177 3224 Ioach.
201 3155 348 3239 Kuhn2),
379 3155 563 3222 Perizonius
574 3158 615 3239 ³),
644 3156 773 3237 Iacobs,
803 3152 962 3235 Hercher,
985 3152 1215 3236 Westermann‚

69 3260 152 3326 alius
167 3260 232 3324 alio
251 3257 469 3342 confidentius,
491 3258 615 3322 uariam
629 3256 795 3322 historiam
816 3255 951 3321 libidine
970 3253 1216 3336 epitomatorum

69 3361 112 3426 ad
133 3360 217 3426 hano
243 3360 333 3424 illam
361 3360 538 3425 exilitatem
567 3357 730 3424 redactam
754 3377 840 3438 esse;
874 3355 996 3422 Gesner
1019 3359 1050 3419 et
1072 3353 1153 3420 Voss
1182 3355 1217 3419 in

71 3461 230 3528 historicis
253 3460 395 3543 Graecis,
416 3455 492 3526 ‘non
515 3479 585 3526 esse
609 3465 784 3524 extremam
807 3458 897 3542 operi
918 3475 1048 3522 manum
1068 3454 1227 3527 additam.

72 3564 112 3629 ab
134 3569 264 3629 auctore
287 3582 325 3629 eo
348 3552 435 3644 quod
455 3562 522 3628 fato
544 3550 810 3645 praeueniretur'.

154 3664 262 3746 Atque
277 3662 453 3739 Herchcre
476 3662 606 3745 quidem
623 3667 771 3745 quattuor
792 3662 880 3727 locos
902 3680 983 3742 quos
998 3658 1155 3728 Stobaeus
1173 3682 1214 3729 01

157 3819 181 3878 1)
197 3812 281 3867 Velut
298 3812 332 3866 cf.
351 3829 378 3867 u.
388 3813 414 3867 h.
425 3812 487 3876 XII,
501 3818 512 3865 1
532 3812 577 3866 uel
594 3811 693 3876 XIII‚1
714 3825 775 3864 curn
793 3809 819 3862 h.
830 3825 854 3863 a.
865 3808 925 3876 VII,
935 3815 976 3865 18.
1046 3815 1070 3875 2)
1088 3811 1140 3865 Ed.
1155 3827 1213 3867 aar.

72 3896 132 3950 hist.
151 3898 262 3963 Argeut.
276 3901 348 3951 1685.
419 3902 445 3962 3)
461 3895 550 3951 Praei.
568 3912 595 3965 p.
606 3895 715 3948 XXXV.
786 3899 812 3960 4)
829 3889 880 3949 Ἱ)0
896 3895 1001 3950 Aeliani
1018 3912 1044 3950 u.
1058 3890 1092 3950 h?
1112 3895 1214 3952 111101-

73 3980 152 4035 stadt.
167 3984 232 4034 1851
250 3980 380 4063 0101001.
398 3980 522 4036 editionis
539 3980 662 4048 maioris,
680 3979 741 4034 Par.
755 3984 819 4034 1858
836 3979 904 4048 pv.

121 4072 239 4125 Leipziger
251 4073 351 4115 Studien.
372 4073 420 4117 vn.
835 4072 838 4077 ‘
996 4073 1010 4121 7
