2714 4500
131 231 177 286 De
197 231 329 288 fontibus
348 232 443 302 quibus
455 231 586 288 hellenus
600 233 629 287 in
640 232 718 288 uaria
729 231 843 288 historia
856 232 1041 302 componenda
1054 249 1120 289 3333
1135 233 1178 288 sit.
1215 233 1255 292 35

100 405 254 473 thonium
278 407 418 491 primum
440 425 538 489 equos
554 405 731 491 domuisse;
754 407 787 471 in
801 407 858 491 III,
876 409 915 471 35
930 407 964 471 in
979 405 1154 472 Academia
1168 429 1257 478 more

103 509 268 576 sancitum
290 509 390 575 131333
412 527 452 574 33
475 509 547 590 quis
568 507 697 574 rideret.
739 507 877 574 Accedit
898 507 985 590 quod
1006 528 1036 573 3.
1052 507 1084 573 h.
1104 509 1158 593 IV,
1184 512 1201 574 8
1225 518 1257 578 et

102 610 143 693 V,
167 613 209 674 to
232 611 369 677 Isocrati
397 609 518 677 rhetori
545 609 702 676 debentur
711 611 742 688 ¹).
786 609 876 675 Haec
898 628 975 675 uero
997 608 1064 675 fere
1086 611 1193 677 omnia
1213 612 1255 678 ab

104 713 147 779 iis
179 713 237 795 qui
268 712 346 778 olim
372 713 406 777 in
433 711 675 795 antiquitatibus
696 709 812 776 Atticis
840 712 960 777 uersati
988 717 1078 776 erant
1100 712 1256 796 originem

104 814 248 881 traxisse
263 812 421 897 uidentur,
438 814 467 880 si
481 811 611 895 quidem
626 811 783 878 Androtio
798 813 831 876 in
846 832 875 877 3.
888 812 920 877 h.
933 812 1019 895 VIII,
1032 817 1051 876 6
1066 814 1255 898 nominatur,

104 915 272 982 Hellanici
294 915 466 981 auctoritas
488 915 597 980 subest
610 914 632 979 l.
649 914 726 979 VIII
740 915 839 998 capiti
855 917 917 997 5²),
939 913 1141 980 Phanodemi
1154 916 1176 980 l.
1191 915 1257 980 XII

105 1018 210 1102 capiti
233 1017 317 1101 28³),
340 1017 414 1083 Istri
435 1017 456 1081 1.
479 1017 524 1082 IV
546 1016 645 1099 capiti
662 1020 691 1096 5,
715 1015 822 1096 quoad
842 1014 905 1082 hoc
928 1016 1058 1098 quidem
1080 1016 1122 1082 ad
1143 1016 1256 1084 Molio-

105 1117 211 1185 nades
225 1119 364 1203 pertinet
372 1121 406 1195 4).
444 1118 569 1185 (laneas
590 1135 668 1182 uero
682 1135 724 1182 ne
737 1116 908 1182 Aelianum
922 1117 965 1183 ad
982 1108 1256 1203 ἆτθιὸογράφους

107 1220 199 1303 ipsos
219 1218 427 1286 adscendisse
449 1218 622 1286 arbitreris.
666 1219 749 1283 Nam
771 1217 858 1300 quod
880 1219 913 1283 in
935 1238 965 1283 u.
981 1218 1013 1283 h.
1037 1220 1090 1303 VI,
1117 1223 1131 1282 l
1155 1219 1255 1285 Athe·

104 1321 274 1387 niensibus
301 1321 425 1386 crimini
448 1320 550 1404 datur,
574 1319 661 1402 quod
683 1326 844 1386 metoecos
866 1321 899 1385 in
921 1321 1048 1404 pompis
1071 1318 1256 1406 σκιαδηφο-

105 1433 178 1506 osta
202 1428 234 1488 et
256 1433 486 1508 σκαφηφορεῑν
507 1422 669 1505 iubebant,
692 1420 842 1503 quodque
864 1423 897 1487 in
913 1422 949 1505 V,
966 1425 1006 1486 20
1029 1423 1194 1489 Tarentini
1212 1425 1255 1489 ab

103 1523 358 1590 Atheniensibus
375 1523 498 1590 obsessi
514 1542 585 1588 esse
601 1521 756 1604 dicuntur,
775 1528 887 1587 auctor
902 1522 1012 1589 euadit
1025 1543 1046 1588 a
1060 1524 1145 1590 iusta
1159 1525 1254 1589 aesti-

104 1628 249 1692 matione
277 1632 310 1691 et
331 1625 445 1691 notitia
465 1643 571 1690 rerum
593 1623 771 1689 Atticarum
792 1624 1032 1690 remotissimus.
1076 1625 1192 1709 Porro,
1218 1633 1255 1691 ut

106 1745 193 1810 quae
219 1746 278 1811 per
304 1725 428 1793 scholia
456 1732 488 1791 et
508 1726 615 1791 lexica
637 1731 803 1792 occurrunt
824 1724 1143 1810 atthidographorum
1166 1729 1254 1793 testi-

106 1829 218 1894 monia
244 1847 308 1893 non
337 1847 378 1893 ex
400 1825 451 1892 his
472 1828 569 1910 ipsis,
599 1827 656 1893 sed
679 1847 719 1894 ex
742 1828 835 1893 Aelio
858 1827 1016 1911 Dionysio
1039 1833 1071 1893 et
1092 1828 1255 1895 Pausania

106 1930 264 2012 atticistis,
288 1931 343 2012 qui
358 1929 417 1995 sub
432 1934 570 1994 aetatem
584 1928 740 1994 Hadriani
754 1927 920 2012 florebant,
941 1929 1114 1996 maximam
1128 1920 1258 2012 partem

106 2030 223 2097 hausta
245 2050 316 2098 esse
339 2030 657 2096 commentationibus
675 2031 712 2094 E.
729 2029 934 2104 Schwabei5)
955 2035 987 2094 et
1000 2030 1036 2094 F.
1053 2029 1209 2113 Giesingii
1218 2034 1253 2115 1),

105 2132 264 2218 imprimis
286 2152 363 2199 uero
378 2129 439 2196 Th.
455 2131 620 2214 sreyerio
642 2132 837 2213 patefactum
853 2136 911 2211 est,
933 2131 979 2195 ita
993 2129 1166 2197 Aelianum
1188 2133 1253 2199 illis

105 2235 292 2301 auctoribus
313 2233 476 2299 ueteribus
497 2252 589 2298 usum
612 2251 682 2298 esse
703 2233 773 2298 ueri
796 2238 844 2298 est
859 2230 1116 2297 dissimillimum.
1149 2233 1253 2298 Immo

104 2355 182 2403 uero
206 2337 269 2402 1313
289 2336 450 2402 uariorum
469 2335 665 2420 proprietate
681 2332 724 2398 ad
739 2335 924 2399 memoriam
939 2333 1083 2399 eiusdem
1098 2335 1252 2418 principis

104 2457 267 2520 uccamur,
289 2437 346 2503 ubi
367 2437 460 2503 multi
477 2434 699 2501 adulescentes
714 2436 851 2502 Romani
865 2434 1009 2518 Athenis,
1032 2436 1066 2500 in
1088 2435 1145 2499 1113
1160 2455 1252 2519 prae·
1330 2428 1333 2435 ’

104 2541 193 2606 clara
221 2538 299 2606 sede
327 2539 520 2621 litterarum,
549 2536 743 2621 Adrianum,
771 2538 981 2620 Pausaniam,
1004 2537 1086 2601 alios
1107 2535 1252 2603 rhetores

102 2640 290 2723 audiebant,
313 2640 368 2705 ubi
389 2639 501 2722 lingua
521 2639 629 2705 Attica
643 2639 765 2704 Romae
787 2658 844 2723 per
865 2640 959 2705 uillas
980 2657 1149 2723 procerum
1171 2639 1252 2706 etin

103 2741 211 2825 epulis
234 2739 429 2807 eruditorum
452 2746 483 2806 et
505 2739 587 2806 adeo
609 2740 694 2807 ludis
716 2740 854 2824 publicis
876 2740 1055 2807 resonabat.

189 2843 364 2908 Praeterea
384 2861 442 2927 per
463 2842 586 2907 uariam
609 2840 774 2907 historiam
798 2842 944 2926 dispersa
965 2847 1038 2907 sunt
1051 2842 1189 2926 uestigia
1203 2862 1251 2908 re-

103 2943 238 3010 diuiuae
261 2944 393 3010 rationis
407 2943 631 3025 Academieae,
655 2962 737 3024 quae
759 2943 826 3009 fere
842 2945 993 3010 extremis
1008 2945 1099 3009 annis
1114 2943 1250 3027 Augusti

100 3046 236 3113 exstitit.
282 3044 447 3111 Sententia
469 3045 499 3110 ei
520 3044 651 3128 propria
672 3045 777 3110 inesse
799 3043 926 3111 uidetur
947 3047 980 3111 in
995 3065 1025 3110 3.
1042 3043 1073 3110 h.
1088 3045 1126 3128 V,
1143 3048 1172 3128 6,
1195 3044 1250 3108 ubi

99 3145 254 3231 calanus,
277 3146 422 3230 sophista
442 3145 550 3228 Indus,
572 3145 718 3230 proditur
740 3166 847 3213 coram
868 3146 1052 3214 Alexandro
1075 3146 1191 3230 Magno
1214 3162 1249 3210 se

97 3248 334 3332 combussisse,
354 3238 428 3312 ‘dcc
452 3242 618 3332 ἐβουλήθη
643 3237 813 3312 ἀπολῦσαι
836 3241 935 3312 αὑτὸν
958 3245 992 3312 ἐκ
1014 3249 1080 3312 τῶν
1101 3246 1160 3310 τοῦ
1183 3241 1250 3308 oci-
1290 3273 1292 3276 ⁴

189 3469 214 3530 1)
234 3463 275 3518 Cf.
294 3481 321 3533 p.
340 3468 380 3518 26.
452 3467 477 3529 2)
494 3463 628 3532 Harpocr.
648 3479 670 3518 s.
689 3479 715 3517 3.
732 3460 900 3537 Ἐρυθραῖοι.

187 3553 214 3614 3)
232 3548 274 3604 Id.
294 3563 315 3602 s.
334 3565 361 3602 u.
380 3547 561 3620 Λεωκόρειον.
632 3552 657 3610 4)
676 3547 766 3604 schol.
786 3548 822 3602 ad
838 3549 908 3604 Plat.
926 3546 1063 3602 Phaedon,
1081 3562 1108 3615 p.
1127 3548 1187 3601 381.

188 3636 214 3700 5)
234 3632 357 3701 Quaestt.
381 3632 414 3688 dc
436 3631 520 3688 schol.
544 3632 693 3701 Thucydid.
712 3632 833 3688 lontibus
856 3633 884 3687 in
907 3627 1056 3701 ‘Leipziger
1072 3625 1251 3686 Studien'lll

90 3736 123 3791 P·
144 3724 276 3867 6755?th
293 3798 402 3855 scholiis
420 3799 565 3854 Platonicis
582 3800 753 3868 quaestiones
772 3802 899 3866 selectae,
916 3799 1025 3869 Lipsiae
1046 3805 1119 3855 1883.

186 3891 214 3951 l)
234 3884 356 3953 Quaestt.
375 3883 408 3939 de
426 3883 509 3938 schol.
522 3884 648 3940 Aeschin.
667 3884 796 3950 fontibus,
814 3881 963 3954 ‘Leipziger
980 3883 1099 3941 Studisn’
1117 3884 1143 3940 V
1160 3902 1186 3954 p.
1201 3888 1249 3938 299

90 4003 129 4013 -
138 3977 199 4027 305.

1012 4054 1048 4106 3*
