2714 4500
146 266 190 321 De
202 266 323 322 lontibus
337 266 433 336 quibus
446 266 575 321 Aelianus
592 266 620 320 in
638 267 716 322 uaria
729 267 843 323 historia
856 271 1042 338 componenda
1053 285 1120 325 usus
1131 271 1175 326 sit.
1205 270 1264 332 131

117 430 529 530 ἇντιλογικοῑςσφηοι
553 442 800 523 Φαβωρῖνος
823 435 857 503 ἒν
873 439 1093 527 παντοδαπῆς
1116 439 1268 526 ἱστορίας

118 540 271 626 δευτέρῳ.
313 532 507 606 ‘Sufficeret'
533 541 779 606 Wilamowitzio
802 533 869 607 ‘hic
892 561 972 608 unus
993 543 1083 609 locus
1105 548 1141 608 ut
1161 543 1265 609 Fauo·

117 645 222 709 rinum
244 665 264 709 a
285 649 440 726 perpetuo
458 643 613 726 Diogenis
635 643 722 707 fonte
744 634 952 709 secemeret'.
989 645 1088 727 Atqui
1110 663 1161 711 res
1183 643 1266 716 nihil

117 745 218 811 habet
240 745 435 826 offensionis,
459 743 631 809 dummodo
647 743 826 826 Diogenem
848 750 1025 811 statuamus
1047 744 1143 811 modo
1162 743 1266 812 Fauo·

116 848 222 912 riuum
249 847 353 930 ipsum
377 846 473 911 modo
496 851 641 911 auctores
664 846 705 910 ab
729 864 767 912 eo
790 845 938 912 laudatos
966 851 1158 912 antestatum
1184 865 1264 915 esse.

117 947 203 1014 Dein
222 948 307 1031 quod
329 954 464 1030 utraque
487 946 621 1012 historia
642 947 786 1013 miscella
800 947 952 1014 Fauorini
975 947 1007 1011 in
1031 947 1145 1012 eodem
1167 967 1267 1032 saepe

119 1057 306 1134 argumento
329 1049 531 1131 uersabatur‚
560 1068 665 1114 nonne
687 1049 819 1131 gemelli
845 1047 1002 1116 eiusmodi
1030 1049 1095 1115 loci
1116 1048 1159 1115 ad
1181 1069 1266 1115 eom·

119 1171 247 1217 munem
268 1151 365 1216 lexici
389 1156 421 1216 et
443 1150 739 1216 commentariorum
761 1149 948 1216 memoriam
969 1149 1080 1216 referri
1107 1153 1265 1235 possunt?

205 1252 341 1336 Saepius
357 1272 493 1334 eaquae
514 1251 643 1318 disertis
665 1252 772 1317 uerbis
786 1251 946 1316 Fauorino
968 1249 1171 1320 uindicantur
1193 1271 1265 1318 eam

119 1356 261 1438 speciem
282 1371 359 1436 prae
382 1373 418 1419 so
439 1353 552 1435 ferunt,
574 1359 609 1417 ut
631 1352 742 1418 breuia
764 1351 983 1417 additamenta
1005 1371 1075 1419 esse
1096 1353 1266 1421 uideantur

119 1455 353 1539 parentheseon
382 1454 482 1519 instar
509 1454 584 1519 uitis
607 1452 763 1535 Diogenis
788 1455 923 1537 carptim
951 1455 1079 1520 inserta.
1131 1454 1203 1532 Qua
1230 1477 1264 1523 re

119 1558 334 1623 Wilamowitz
356 1555 399 1620 ad
421 1554 621 1620 refutandam
643 1553 775 1620 Maassii
797 1554 986 1624 sententiam
1008 1554 1121 1640 utitur,
1151 1557 1265 1624 fraude

119 1659 336 1744 compilatoris
351 1657 514 1740 deceptus.
548 1656 631 1720 Nam
646 1656 745 1721 multo
760 1655 898 1738 amplius
912 1662 1025 1740 patent
1043 1657 1161 1724 talibus
1183 1658 1263 1725 locis

117 1761 341 1826 Fauoriniana.
379 1759 557 1841 Diogenem
571 1758 811 1840 compilatorem
833 1756 877 1823 ad
898 1758 1026 1841 singula
1040 1777 1125 1841 quae
1143 1760 1265 1843 profert

119 1882 137 1928 c
158 1853 359 1945 ‘grandibus'
377 1860 592 1926 uoluminibus
607 1858 759 1923 Fauorini
781 1859 1013 1941 conquisiuisse
1036 1879 1118 1943 quae
1141 1862 1188 1928 eis
1202 1862 1263 1926 Fa·

118 1965 230 2028 uorino
253 1964 384 2029 laudato
408 1966 583 2047 opponeret
603 1965 660 2025 aut
680 1960 870 2043 adiungeret
890 1981 1004 2044 pamm
1027 1967 1076 2028 est
1098 1963 1262 2029 credibile.

118 2065 221 2129 Immo
237 2084 313 2130 uero
329 2085 391 2129 non
406 2070 528 2129 tantum
543 2081 582 2128 ea
596 2081 678 2145 quae
690 2062 830 2145 speciem
842 2062 1131 2130 additamentorum
1144 2062 1265 2131 habent

118 2166 207 2249 ipsa,
230 2165 287 2230 sed
311 2167 406 2230 etiam
431 2165 524 2230 eain
546 2184 627 2247 quae
650 2164 762 2229 addita
782 2169 855 2229 sunt
876 2164 1036 2231 Fauorino
1058 2166 1223 2233 debentur.

205 2267 311 2332 Veluti
340 2267 426 2349 quod
454 2267 488 2331 in
509 2266 562 2349 VI,
579 2268 619 2328 25
649 2271 697 2331 est
723 2264 878 2347 Diogenis
900 2264 1012 2348 Cynici
1040 2268 1073 2332 in
1095 2267 1261 2334 Platonem

118 2368 234 2434 acerbe
264 2369 383 2434 dictum
412 2367 462 2434 bis
491 2368 597 2433 uerbis
627 2366 800 2450 excipitur:
836 2369 1031 2453 Φαβωρῖνος
1057 2364 1094 2430 δέ
1116 2388 1200 2454 φησι
1229 2366 1263 2433 ἐν

120 2493 157 2533 τι.
183 2469 204 2534 ί.
227 2462 451 2553 Ἀρίστιππον
474 2466 581 2532 εἰπεῖν
602 2469 710 2531 τοῦτο.
754 2465 844 2544 Quae
867 2468 914 2534 sic
935 2468 1082 2534 uidentur
1108 2470 1262 2556 interpre-

118 2572 217 2637 tanda
240 2591 325 2638 esse:
349 2571 547 2655 transcripsit
562 2570 723 2652 Diogenes
744 2589 786 2635 ex
808 2590 837 2634 o.
853 2569 885 2633 h.
907 2570 1042 2636 alicuius
1059 2573 1199 2638 auctoris
1221 2573 1263 2639 de

119 2674 274 2755 Diogenis
298 2672 431 2738 dicterio
453 2672 684 2753 testimonium3
714 2671 807 2735 simul
829 2672 915 2754 quod
936 2672 1114 2739 Fauorinus
1140 2673 1261 2740 ibidem

120 2774 162 2839 de
185 2775 324 2856 genuina
346 2774 468 2856 origiue
491 2775 560 2840 eius
582 2774 790 2839 iudicauerat.
1254 2854 1255 2857 Ἴ

203 2876 256 2958 IV,
275 2880 303 2958 7,
320 2881 360 2939 54
382 2876 423 2942 de
445 2877 563 2941 Bione:
597 2866 725 2959 ἇτιορίᾳ
753 2871 788 2937 δὲ
816 2872 872 2937 καὶ
899 2875 965 2938 τῶν
993 2875 1261 2957 νοσοκομούντων

119 2974 234 3052 δεινιῦς
256 2975 434 3051 διετίθετο,
459 2975 520 3053 ἕως
538 2970 724 3061 Ἀντίγονος
747 2966 835 3058 αὐτῷ
858 2971 916 3038 δύο
937 2972 1154 3059 θεράποντας
1176 2968 1261 3041 διιέ-

119 3077 236 3142 οτειλε.
273 3079 327 3143 καί
348 3070 528 3162 ἠκολούθει
549 3102 586 3162 γε
608 3071 697 3164 αὐτῷ
720 3075 754 3143 ἐν
777 3081 920 3164 φορείῳ,
948 3075 1040 3141 καθά
1063 3097 1148 3164 φησι
1172 3084 1259 3162 dicit.

119 3176 152 3242 ἐν
169 3204 206 3243 τι.
225 3178 246 3244 ί.
282 3182 350 3245 Iam
374 3201 438 3264 qua
459 3182 588 3247 tandem
612 3202 708 3248 causa
723 3181 900 3262 Diogenem
922 3184 958 3244 ut
978 3177 1040 3245 hoc
1061 3180 1259 3247 leuissimum

119 3281 160 3346 de
182 3283 297 3347 lectica
319 3283 472 3348 indicium
495 3303 536 3348 ex
559 3284 726 3365 omnigena
747 3281 881 3348 historia
903 3279 1046 3345 adiceret
1068 3285 1259 3346 commotum

120 3402 189 3447 esse
210 3384 403 3467 putabimus,
426 3385 488 3450 nisi
503 3391 604 3450 totum
621 3383 727 3448 locum
750 3402 844 3465 quem
867 3382 1025 3465 adscripsi
1045 3381 1091 3448 ibi
1113 3381 1259 3448 inuenit?

203 3485 260 3568 IX,
277 3487 317 3548 29
343 3483 384 3549 de
406 3485 535 3551 Zenone
556 3485 684 3550 Eleate:
719 3474 815 3558 οὗτος
836 3482 891 3546 καὶ
913 3478 971 3547 τδν
992 3474 1142 3563 Ἀχιλλέα
1163 3485 1258 3568 πρῶ-

116 3605 173 3658 τος
201 3582 297 3669 λόγον
326 3576 503 3673 ἠρώτησεν.
553 3589 750 3670 Φαβωρῖνος
783 3582 819 3648 δέ
847 3603 930 3670 φησι
958 3582 1171 3671 Παρμενίδην
1202 3587 1257 3650 καί

117 3680 236 3762 ἄλλους
259 3684 410 3772 οοχνούς,
440 3689 461 3752 i.
478 3707 505 3753 e.
528 3688 709 3755 inuentores
730 3687 789 3750 τοῦ
809 3677 984 3766 Ἀχιλλέως
1006 3684 1103 3769 λόγου
1125 3687 1159 3752 in
1181 3706 1209 3752 ο.
1225 3687 1256 3754 h'.

117 3810 189 3855 cum
211 3789 293 3855 alios
314 3796 381 3855 tum
404 3790 564 3856 Zenonem
593 3789 705 3855 haberi
734 3787 899 3872 exposuit3
930 3788 1000 3870 ipse
1030 3807 1107 3854 uero
1134 3789 1257 3856 ibidem

116 3892 349 3958 controuersias
372 3891 536 3958 doctorum
559 3893 604 3957 ita
627 3889 829 3975 disceptauit,
853 3893 888 3953 ut
901 3888 1085 3956 Parmenidi
1107 3891 1188 3956 illud
1210 3892 1256 3956 in·

114 4000 242 4059 uentum
265 3994 439 4061 addiceret.

1018 4091 1055 4143 Q*
