2714 4500
121 248 162 304 Dc
177 250 293 306 lontibus
312 249 410 318 quibus
422 249 553 304 Aelianus
571 248 600 304 in
612 248 690 303 uaria
701 248 815 304 hutoria
827 248 1012 317 componenda
1024 263 1089 304 usus
1102 249 1145 304 sit.
1183 249 1224 308 93

88 424 277 490 cantiorum?
309 424 359 488 Ex
383 423 498 506 quibus
520 421 666 489 Herodes
688 422 812 488 Atticus
835 421 955 487 idcirco
978 420 1065 504 quod
1087 418 1225 506 ἐγχειρί·

87 513 145 586 ὄια
164 531 192 592 et
211 529 324 608 καίρια
353 530 385 591 et
407 520 611 610 ἐφημερίδας
641 530 722 591 teste
750 522 943 592 Philostrato
973 525 1100 607 scripsit
1122 529 1154 588 et
1183 525 1224 589 ab

82 617 214 694 Aelana
233 620 293 702 ‘rte
313 622 557 701 ποικιλώτατος
573 615 734 711 p‘qcriccov'
749 626 915 710 permagni
937 625 1112 691 ducebatur
1133 645 1224 710 prae-

82 722 175 810 ssipue
196 731 228 794 ln
250 748 379 795 censum
394 728 498 811 uenit,
521 734 688 811 praetcrea
702 725 866 812 Telephus
881 727 1107 810 Pergamenus,
1130 726 1224 793 Philo

82 816 222 915 Byrrius,
246 831 446 896 Nicostratus
460 829 595 896 Macedo
607 832 638 908 ¹).
672 830 871 896 Reuocamur
884 835 992 895 autem
1007 849 1070 894 una
1084 834 1161 895 nota
1182 829 1225 894 ad

82 938 225 1000 auctores
247 933 346 999 aetati
361 932 513 998 Fauorini
535 931 750 998 succedentes.
788 931 915 997 Etenim
938 931 970 995 in
993 951 1023 995 u.
1040 931 1070 995 h.
1086 930 1160 1014 XII,
1173 931 1224 1014 61,

82 1042 250 1119 Jostquam
278 1041 487 1100 memoratum
512 1040 561 1099 cst
581 1032 741 1099 Thurinos
763 1032 973 1116 Aquilonem,
1004 1033 1059 1115 qui
1090 1034 1227 1099 classem

82 1124 228 1222 310nysii
250 1136 351 1203 hostis
374 1135 599 1202 aduentantem
614 1135 828 1219 demersisset,
851 1134 981 1199 ciuitate
1004 1133 1156 1199 donatum
1178 1120 1229 1200 dr

82 1235 163 1306 uinis
192 1238 365 1305 honoribus
392 1239 545 1320 coluisse,
576 1257 617 1303 ex
639 1238 775 1303 Pausan.
791 1237 912 1320 perieg.
925 1235 1012 1318 VIII,
1029 1237 1114 1318 36,6
1144 1235 1227 1304 haec

82 1341 248 1407 ssubiuncta
270 1347 356 1406 sunt:
385 1343 582 1414 Παυσανίας
604 1338 641 1402 δέ
663 1360 765 1426 φησιν
787 1329 841 1402 ὅτι
863 1337 916 1401 καὶ
933 1336 1225 1420 Μεγαλοπολῖται.

82 1434 122 1508 It
136 1442 206 1509 fieri
222 1443 326 1528 potuit
340 1448 375 1507 ut
390 1462 410 1507 a
425 1448 674 1507 commentatore
696 1440 834 1524 quodam
856 1441 997 1505 litterato
1019 1438 1131 1505 addita
1153 1441 1224 1506 sint.

163 1545 283 1610 Verum
298 1544 546 1627 complectamur
568 1563 650 1625 quae
671 1544 819 1627 proxima
841 1541 1065 1607 dissertatione
1087 1544 1226 1608 assecuti

83 1665 197 1714 umus.
241 1647 391 1712 Relutata
411 1645 561 1730 opinione
584 1664 693 1709 eorum
716 1644 770 1727 qui
792 1644 962 1710 Aelianum
990 1644 1033 1709 ad
1062 1644 1166 1710 sontes
1195 1651 1226 1710 ct

82 1749 205 1816 adices
221 1749 373 1814 scientiae
388 1748 586 1828 antiquitatis
601 1745 808 1813 adscendisse
827 1746 972 1811 arbitrati
994 1752 1067 1812 sunt
1077 1747 1111 1830 ²),
1135 1767 1227 1813 curas

82 1853 147 1918 rius
173 1852 208 1916 in
231 1851 308 1916 orbe
336 1851 525 1933 scriptorum
554 1850 655 1932 ipsius
684 1849 855 1914 memoriae
886 1869 981 1932 quam
1009 1849 1227 1933 proximorum

82 1953 306 2038 ingustissimo
334 1953 391 2017 illo
415 1957 558 2017 uersatas
582 1970 652 2016 esse
675 1949 880 2017 ostendimus.
925 1950 1039 2034 Neque
1068 1971 1109 2016 ex
1137 1953 1227 2018 uolu-

82 2055 220 2120 ninibus
242 2054 474 2139 peculiaribus,
502 2053 593 2118 uerbi
616 2053 719 2136 gratia
741 2051 782 2117 de
805 2053 899 2118 rebus
921 2053 1036 2135 gestis,
1060 2051 1100 2118 de
1123 2051 1227 2138 philo·

87 2155 203 2242 ophis,
225 2154 266 2221 de
289 2155 531 2238 antiquitatibus
555 2155 755 2238 compositis,
779 2153 901 2234 hausit,
925 2153 982 2219 sed
1005 2173 1046 2219 ex
1068 2155 1226 2220 miscella·

82 2259 157 2341 reis,
184 2276 224 2322 cx
240 2257 354 2340 quibus
370 2255 539 2322 commoda
562 2262 630 2321 erat
651 2255 787 2321 facultas
810 2253 1027 2321 describendi:
1057 2253 1226 2339 Athenaei,

82 2360 242 2442 Iauorini,
261 2365 359 2442 utque
373 2358 509 2440 uidetur,
532 2356 731 2441 Pamphilae.
765 2356 814 2422 Ac
829 2377 901 2422 cum
916 2356 968 2422 uel
983 2355 1096 2422 horum
1112 2357 1226 2441 copiae

82 2463 116 2528 rd
141 2466 333 2544 argumenta
353 2461 463 2526 uariae
485 2458 639 2525 historiae
669 2457 845 2524 deriuanda
874 2457 1018 2524 sufficere
1047 2459 1226 2542 uideantur,

82 2570 227 2630 ractores
250 2582 330 2645 quos
352 2562 505 2627 Aelianus
528 2562 656 2628 omnino
679 2567 805 2627 secutus
829 2565 891 2642 est,
921 2580 1086 2626 numerum
1115 2561 1226 2643 quina-

82 2669 167 2748 ·ium,
184 2665 239 2729 uel
261 2665 421 2729 senarium
447 2682 649 2746 nequaquam
672 2661 830 2729 excedere
852 2661 987 2729 confido.
1031 2662 1104 2728 Non
1131 2662 1228 2745 igitur

82 2769 221 2850 liligens
243 2768 404 2830 uariarum
422 2784 527 2830 rerum
542 2764 703 2849 collector,
726 2765 783 2831 sed
806 2764 996 2849 compilator
1017 2764 1227 2830 inertissimus

82 2870 194 2936 euasit.

165 2969 264 3051 Atqui
286 2967 380 3033 huius
402 2967 514 3033 iudicii
536 2968 694 3033 acerbitas
720 2987 783 3032 non
806 2968 893 3034 cadit
920 2969 982 3034 ulsi
1011 2970 1044 3034 in
1072 2969 1227 3033 rationem

82 3092 145 3155 qua
169 3069 300 3152 quidem
322 3071 488 3135 materiam
511 3070 573 3135 sibi
597 3070 803 3152 comparauit.
839 3072 877 3135 In
899 3070 1079 3154 eloquendo
1101 3068 1229 3152 qualem

82 3193 115 3240 se
131 3173 338 3257 praestiterit,
356 3191 420 3237 non
435 3176 556 3236 tantum
572 3192 613 3237 ex
627 3172 710 3237 libro
726 3170 767 3236 dc
782 3178 894 3237 natura
909 3173 1094 3238 animalium
1109 3171 1228 3255 scripto

82 3275 260 3341 sedetiam
283 3292 324 3338 cx
346 3271 505 3338 nonnullis
527 3274 688 3339 uariorum
716 3274 875 3340 lemmatis
898 3272 1039 3340 dilucide
1064 3275 1228 3358 cognosci·

84 3384 141 3442 tur.
175 3376 398 3458 Depinguntur
413 3374 497 3440 enim
511 3375 697 3440 lautissimIs
713 3373 873 3440 coloribus
887 3376 919 3438 in
935 3395 965 3439 u.
979 3374 1009 3439 h.
1022 3375 1063 3458 II,
1076 3379 1116 3437 44
1136 3375 1228 3442 miles

85 3477 116 3541 in
137 3497 277 3562 pugnam
293 3494 388 3540 ruens
403 3495 423 3540 a
437 3474 570 3541 Theone
586 3476 708 3559 pictus;
731 3475 764 3540 in
785 3476 842 3558 III,
858 3481 871 3538 1
890 3477 1014 3560 Tempe
1029 3476 1227 3560 Thessalica,

85 3578 116 3642 in
137 3579 195 3662 IX,
211 3581 248 3641 16
271 3577 384 3642 ltaliae
405 3581 534 3660 natura,
557 3578 590 3642 in
605 3577 678 3661 XII,
694 3581 707 3641 1
726 3578 893 3662 Aspasiae,
917 3577 993 3662 Cyri
1015 3580 1147 3663 amicae,
1170 3601 1227 3664 pu-

170 3749 194 3807 1)
213 3743 255 3797 Of.
267 3758 294 3811 p.
305 3746 336 3795 47
345 3758 384 3811 sq.
437 3746 463 3807 2)
480 3742 548 3799 Dico
561 3743 691 3811 imprimIs
703 3743 871 3798 PerizonIum
884 3750 911 3799 et
921 3745 1165 3811 Westermannum‚
1184 3748 1229 3815 qui

84 3827 111 3881 in
128 3827 237 3897 Pauly's
255 3827 382 3900 Realenc.
402 3828 464 3893 1²,1
483 3831 570 3897 pete
593 3828 659 3882 haec
682 3828 759 3882 dicit:
774 3824 871 3883 ·‘beide
888 3835 926 3894 (et
943 3845 969 3883 u.
982 3830 1009 3883 h.
1029 3836 1056 3884 et
1073 3829 1100 3884 h.
1114 3841 1149 3890 a.)
1168 3831 1228 3885 sind

85 3911 132 3964 mit
148 3912 303 3966 immensem
320 3910 420 3966 Fleilse
439 3927 488 3967 aus
506 3914 579 3967 einer
596 3914 704 3980 grossen
721 3913 789 3967 Zahl
807 3929 859 3969 ron
877 3912 1012 3970 Schriften
1029 3914 1096 3969 aller
1111 3914 1164 3969 Art
1180 3932 1228 3970 zu·

85 3999 352 4063 sammengetragen.
412 4043 415 4048 .
