2714 4500
124 167 185 226 102
584 161 661 216 Felix
679 159 805 229 Rudolph

123 340 209 424 quod
223 360 299 404 mox
315 337 449 420 defecit,
473 342 505 402 et
520 341 554 400 ut
568 335 649 400 forte
669 325 770 398 libido
786 329 980 414 excerpendi
1003 335 1035 394 et
1057 327 1277 394 adumbrandi

123 443 363 528 praeualuerat,
392 439 439 504 ita
460 428 513 501 ὅτι
539 437 696 521 particula
717 453 793 500 usus
814 432 909 499 nudis
931 431 1026 497 rebus
1049 428 1278 496 adscribendis

125 543 363 624 continebatur3
386 533 450 623 quo
465 541 569 622 magis
585 544 691 604 autern
713 555 860 618 quaeque
883 534 1003 599 fabella
1024 533 1089 616 ipsi
1112 531 1271 597 arriserat

124 665 163 712 eo
178 645 278 710 fusius
294 663 366 710 eam
382 647 518 707 tractare
541 659 663 722 suoque
686 637 805 704 iudicio
828 653 946 719 augere
969 634 1120 699 malebat.
1155 633 1276 697 Verum

124 747 231 831 capita
252 744 327 810 libri
349 743 447 826 1144,
470 743 491 806 l.
508 741 597 825 1111,
620 743 641 806 l.
656 739 763 824 XIII,
785 739 807 803 l.
823 737 933 803 XIIII
958 755 1000 802 ex
1021 735 1088 801 suis
1112 734 1276 800 declama·

123 848 263 913 tionibus
292 850 388 910 antea
417 844 567 927 perfectis
596 844 679 908 inter
707 843 765 907 illa
794 845 947 924 excerpta
975 839 1113 929 aliorum
1146 835 1278 901 uidetur

124 948 331 1014 interiecisse.

211 1050 292 1114 Rem
307 1047 353 1113 ita
368 1067 403 1113 se
418 1047 539 1113 habere
553 1052 584 1111 te
599 1065 663 1110 non
677 1049 865 1127 negaturum
888 1062 958 1109 esse
979 1047 1066 1126 puto,
1089 1041 1117 1106 si
1139 1039 1217 1105 libri
1232 1039 1278 1104 IV

127 1149 452 1251 aspritudintentius
474 1148 607 1230 legeris,
636 1146 692 1211 ubi
713 1147 877 1226 Aelianus,
900 1150 1070 1228 postquam
1091 1138 1279 1208 deU‘emo·

127 1253 200 1319 criti
225 1250 392 1318 itineribus
415 1248 580 1332 exposuit,
610 1248 656 1321 sIc
677 1248 798 1331 pergit:
832 1236 898 1311 ὅτι
920 1243 954 1310 οἱ
976 1236 1169 1330 Ἀβδηρῖται
1201 1239 1279 1306 ἑκά-

127 1353 205 1418 λουν
227 1348 284 1417 τὸν
299 1342 508 1437 Δημόκριτον
526 1348 748 1434 Φιλοσοφίαν,
771 1344 829 1412 τὸν
853 1345 888 1412 δὲ
905 1342 1134 1432 Πρωταγόραν
1149 1341 1279 1428 Λάγον,

126 1453 284 1538 κατεγέλα
308 1450 343 1515 δὲ
365 1448 501 1516 πάντων
523 1444 540 1515 ὃ
565 1446 775 1537 Δημόκριτος
799 1451 855 1514 καὶ
882 1446 989 1533 ἔλεγεν
1013 1438 1133 1521 αὐτοὺς
1160 1450 1280 1527 μαίνε-

128 1560 228 1621 odat·
252 1545 335 1618 ὅθεν
350 1553 406 1617 καὶ
419 1558 448 1617 Γ
447 1552 599 1617 ελασῖνον
615 1543 714 1616 αυτὸν
730 1548 864 1616 ἐκάλουν
879 1549 912 1616 ol
928 1549 1077 1614 πολῖται.
1107 1550 1280 1635 λέγουσι

129 1656 171 1722 δὲ
194 1656 226 1720 οἱ
250 1646 344 1719 αὐτοὶ
365 1652 423 1719 τὸν
443 1649 644 1740 Ἱπποκράτη
667 1650 760 1739 παρὰ
786 1649 845 1738 τὴν
867 1649 1003 1738 πρωτην
1025 1649 1169 1728 ἐ’ντευξιν
1191 1645 1281 1733 ὑπὲρ

127 1760 187 1822 τοῦ
208 1759 419 1842 Δημοκρίτου
443 1753 541 1831 δόξαν
568 1755 681 1838 λαβεῖν
709 1749 755 1831 ὥς
782 1757 999 1838 μαινομένου·
1029 1750 1213 1839 προϊούσης
1243 1750 1282 1814 δὲ

130 1852 243 1934 αὐτοῖς
264 1858 323 1942 τῆς
346 1860 523 1932 συνουσίας
546 1854 579 1934 ἐς
600 1853 787 1942 ὑπερβολὴν
803 1854 979 1939 θαυμάσαι
993 1853 1052 1920 τὸν
1068 1849 1181 1940 ἄνδρα.
1212 1852 1280 1916 λέ-

58 2015 63 2020 .
129 1981 251 2047 γουσι
273 1957 314 2022 δὲ
336 1959 500 2044 Δωριέα
522 1951 603 2024 ὄντα
624 1956 683 2023 τὸν
701 1953 901 2043 Ἱπποκράτη
925 1948 999 2020 ἀλλ’
1016 1942 1073 2022 οὗν
1087 1954 1146 2042 τὴν
1161 1959 1281 2042 Δημο-

23 2090 55 2145 ;ῑ,.,
67 2116 86 2128 ι,
129 2066 244 2146 κρίτου
264 2048 418 2159 χάρινίτῇ
435 2052 518 2127 Ἰάδι
533 2063 627 2148 φωνῇ
643 2058 834 2146 συγγράψαι
846 2056 889 2123 τὰ
906 2057 1153 2143 συγγράμματα.
1187 2057 1282 2136 Quae

32 2248 35 2257 ἱ
130 2167 230 2233 συκίνου
252 2185 316 2231 non
338 2184 410 2230 eam
432 2166 572 2248 speciem
597 2184 675 2249 prae
698 2183 732 2229 se
761 2163 879 2242 ferunt,
908 2168 944 2227 ut
965 2183 984 2228 e
1005 2163 1087 2228 libro
1116 2161 1282 2246 perpolito

131 2268 302 2351 desumpta
323 2272 356 2332 et
377 2272 539 2333 contracta
560 2267 638 2349 sint,
667 2265 726 2332 sed
753 2270 789 2329 ut
816 2264 922 2348 potius
950 2264 1178 2330 adnotamenta
1208 2280 1281 2329 esse

7 2427 10 2430 ,
131 2369 300 2435 uideantur
314 2369 398 2433 inter
411 2368 582 2450 legendum
598 2367 809 2452 pugillaribus
824 2364 984 2430 mandata.
1019 2365 1174 2430 Similiter
1196 2363 1281 2429 iudi-

7 2516 34 2560 ,a
132 2472 269 2537 candum
293 2476 341 2535 est
363 2469 403 2534 de
426 2488 456 2534 u.
472 2469 504 2533 h.
526 2469 580 2551 IV,
599 2472 678 2552 1,2;
711 2470 811 2551 18,2;
842 2467 1007 2550 v11‚s,2;
1041 2467 1098 2550 XI,
1115 2469 1180 2555 {l,5
1198 2467 1280 2547 eth,

133 2572 223 2655 XIII,
239 2575 269 2654 6,
285 2573 322 2653 23
348 2574 396 2651 10,
413 2572 448 2653 2;
471 2570 558 2652 XIV,
573 2573 611 2634 12
634 2571 674 2647 (si
689 2569 818 2652 quidem
835 2570 939 2632 8-20
963 2588 1004 2633 ex
1025 2568 1143 2651 omnIg.
1159 2567 1233 2634 hist.
1250 2587 1280 2631 u.

132 2667 256 2736 παιδιὰ
281 2678 433 2754 excerpta
448 2674 541 2750 sunt).
577 2670 712 2737 Accedit
728 2670 814 2753 quod
836 2690 899 2736 non
921 2671 1023 2736 solum
1045 2669 1281 2754 discrepantiae

133 2793 239 2840 rerum
255 2773 297 2849 (u.
309 2772 341 2836 h.
353 2772 378 2856 Ι,
393 2775 410 2836 8
427 2779 459 2839 et
473 2774 562 2857 XIII,
577 2777 632 2857 355
655 2773 709 2855 VI,
724 2776 783 2856 l,5
800 2778 831 2839 et
847 2771 932 2856 VIII,
943 2772 1003 2853 15),
1026 2770 1085 2837 sed
1101 2772 1199 2837 etiam
1218 2770 1281 2836 loci

133 2874 262 2959 gemelli
278 2893 335 2958 per
349 2876 472 2939 uariam
488 2874 653 2941 historiam
672 2873 810 2958 dispersi
832 2879 904 2939 sunt
926 2874 976 2948 (cf.
995 2893 1026 2957 p.
1039 2876 1102 2955 46),
1125 2872 1281 2956 imprimis

134 2977 220 3061 quod
237 2975 442 3059 Pherecydes
464 2977 573 3042 morbo
596 2975 773 3059 pediculari
799 2981 939 3042 mortuus
962 2994 1031 3041 esse
1053 2974 1104 3040 bis
1125 2979 1281 3055 narratur,

133 3086 230 3161 atque
253 3076 287 3144 id
309 3078 343 3143 in
364 3078 418 3160 IV,
432 3079 472 3141 28
495 3083 527 3143 et
541 3078 580 3160 V,
593 3081 622 3161 2,
646 3097 728 3159 quae
744 3077 851 3160 capita
872 3077 1040 3143 interuallo
1062 3073 1282 3141 tantummodo

135 3181 270 3248 duorum
285 3181 427 3245 seluncta
442 3185 522 3245 sunt.
559 3179 674 3261 Neque
688 3179 858 3244 Aelianum
873 3179 905 3243 in
922 3197 1019 3262 opere
1040 3177 1184 3262 perlecto
1205 3177 1283 3242 talia

134 3283 317 3348 relicturum
338 3281 437 3346 fuisse
459 3280 613 3347 credibile
635 3286 705 3350 est..

222 3384 291 3448 Iam
313 3402 369 3448 cur
393 3383 492 3448 uariis
520 3384 586 3448 suis
613 3381 708 3447 finem
736 3402 799 3447 non
827 3380 1004 3465 imposuit?
1048 3378 1181 3448 Scilicet
1210 3383 1296 3473 quia

22 3478 24 3482 ’
137 3484 214 3566 fato,
237 3491 409 3566 antequam
424 3503 463 3549 ea
478 3483 654 3567 perficeret,
676 3483 827 3566 abreptus
843 3488 899 3548 cst.
933 3483 1019 3579 Ergo
1041 3481 1104 3548 hoc
1120 3484 1189 3550 eius
1205 3503 1284 3571 opus

93 3667 102 3681 f
137 3585 284 3679 ultimum
307 3591 376 3650 erat
397 3590 452 3648 aut
472 3591 653 3668 postumum
676 3590 803 3668 etpost
831 3581 998 3649 historiam
1019 3582 1208 3652 animalium
1231 3606 1284 3651 eu·

90 3684 94 3735 Ῑ
136 3690 260 3772 aratum
276 3692 333 3751 est.
367 3685 523 3751 Conuenit
538 3684 600 3751 huc
615 3674 832 3767 quodffld'em
847 3685 1011 3766 aliquanto
1026 3693 1101 3770 post
1123 3704 1284 3754 sermones

138 3786 323 3853 conuiuales
339 3786 497 3852 Athenaei
513 3786 598 3851 circa
613 3807 731 3852 annum
746 3789 807 3849 200
824 3786 927 3852 editos
950 3788 1070 3871 scripta
1096 3809 1167 3858 esse
1190 3810 1284 3876 supra

137 3888 295 3970 apparuit.
