2714 4500
98 184 160 241 114
560 163 781 253 Felixltuuolph

184 358 277 437 Quod
293 357 447 424 iudicium
460 358 574 423 ferenti
590 357 669 422 mihi
684 356 765 423 haec
781 355 954 441 conspicua
968 356 1136 439 utriusque
1152 356 1249 441 scrip-

99 451 177 527 toris
200 461 425 527 conuenientia
445 458 608 543 praesidio
632 465 695 526 est:

98 596 150 661 Di.
170 597 228 662 La.
248 597 310 680 111,
328 598 385 660 48:
421 590 609 676 Διαλόγους
634 587 1171 677 Ath.Xle.112p.505bc:'1190*
1188 587 1250 678 γὰρ

98 702 209 763 τοίνυν
225 698 309 784 φασὶ
326 697 461 781 πρῶτον
478 692 609 779 γράψαι
636 685 736 758 αὐτοῦ
759 690 968 772 (Πλάτωνος)
989 685 1091 766 τοῦθ’
1104 685 1191 782 Σεὗρέ
1212 689 1263 757 τὸ.

99 797 239 884 Ζήνωνα
249 790 484 883 τόνἘλεότην·
504 788 543 858 Ἀ
550 819 608 880 ρι-
636 789 724 871 εἶδος
745 796 811 860 τῶν
834 792 939 879 λόγων
962 789 979 860 ό
997 791 1098 879 Τήιος
1114 786 1214 870 Ἀλοξ
1235 829 1251 839 -

100 900 303 987 στοτέλης
345 891 381 961 d'
414 895 448 963 ἓν
485 894 608 981 πρυότρι
634 894 743 979 μενός,
767 890 1253 972 ώςΝικίαςόΝικαεόςὶστο·

99 1002 179 1086 περὶ
212 1001 362 1087 ποιητῶν
391 991 608 1081 Ἀλεξαμενόν
636 1009 687 1083 ρεῖ
708 999 762 1061 καὶ
778 1001 925 1062 Σωτίων.
959 989 1253 1083 Ἀριστοτέλης

99 1106 227 1186 Στυρέα
255 1089 276 1188 ἢ
307 1098 426 1187 Τήιον,
460 1095 512 1177 ὥς
541 1101 609 1164 καὶ
636 1098 672 1163 δὲ
706 1095 739 1163 ἓν
769 1100 817 1184 τῴ
849 1099 929 1182 πυρὶ
960 1100 1111 1186 ποιητῶν
1145 1089 1253 1175 οὕτως

103 1209 347 1288 Φαβωρῖνος
370 1200 407 1267 ἐν
431 1185 608 1288 όπομνη-
634 1197 758 1286 γράφοι
790 1191 920 1265 εοὐκοῦν
956 1191 1032 1264 οὐδὲ
1069 1197 1253 1284 ἐμμέτρους

99 1303 336 1388 μονεύμασι
376 1305 488 1381 (uerba
526 1325 608 1371 com·
635 1298 714 1377 τοὺς
739 1301 961 1383 καλουμένους
982 1299 1165 1388 Σώφρονος
1194 1307 1252 1383 μί·

100 1409 304 1474 mentationis
341 1406 381 1472 de
418 1405 553 1471 Platone
590 1425 611 1469 a
635 1425 718 1485 μους
739 1399 783 1487 μὴ
808 1405 924 1489 φῶμεν
947 1399 1034 1468 εἶναι
1055 1400 1174 1486 λόγους
1195 1404 1252 1468 καὶ

100 1510 248 1593 Diogene
277 1508 437 1590 scriptae).
481 1506 533 1571 Ad
561 1527 610 1570 ar·
636 1502 803 1588 μιμήσεις,
826 1493 938 1588 ἢτούς
950 1498 1169 1587 Ἀλεξαμενοῦ
1191 1507 1251 1568 τοῦ

32 1664 33 1667 ¹
100 1617 285 1695 gementum
300 1615 407 1675 autem
422 1609 611 1689 omnigenae
641 1611 743 1693 Τηίου
758 1603 836 1682 τούς
858 1609 1041 1690 προτέρους
1061 1610 1251 1693 γραφέντας
1276 1680 1282 1690 ¹

101 1712 255 1778 historiae
278 1708 510 1776 enucleandum
526 1729 610 1775 com·
636 1710 702 1772 τῶν
713 1710 929 1794 Σωκρατικῶν
942 1700 1131 1792 διαλόγων.
1159 1701 1252 1773 ἄντι-

101 1813 328 1879 mentariorum
353 1810 539 1893 fragmentis
563 1811 611 1875 uis
637 1833 714 1894 κρυς
741 1808 879 1895 φάσκων
907 1808 924 1873 ό
948 1809 1252 1891 πολυμαθέστατος

101 1912 260 1998 probandi
282 1913 364 1978 inest
375 1913 407 1989 ¹).
633 1902 865 1998 Ἀριστοτέλης
886 1907 952 1995 πρὸ
969 1908 1153 1987 Πλάτωνος
1177 1910 1251 1975 δια-

638 2009 755 2096 λόγους
784 2008 990 2099 γεγραφέναι
1026 2009 1084 2076 τόν
1115 2004 1251 2088 Ἀλεξα-

637 2111 747 2194 μενόν.

188 2234 254 2301 Sed
276 2233 444 2299 audiamus
465 2239 634 2316 praeterea
656 2233 798 2299 Gellium
818 2233 904 2315 XIV,
922 2236 955 2296 3:
982 2225 1059 2309 ‘Qui
1080 2232 1121 2299 de
1143 2234 1250 2298 Xeno·

101 2335 230 2421 phontis
245 2335 454 2416 Platonisque
469 2335 537 2400 uita
558 2341 591 2401 et
607 2336 748 2401 moribus
769 2335 924 2418 pleraque
948 2334 1055 2399 omnia
1078 2334 1249 2417 exquisi-

102 2439 251 2504 tissime
263 2439 286 2514 2)
310 2437 476 2519 scripsere,
499 2455 562 2501 non
579 2437 698 2503 afuisse
713 2437 754 2501 ab
771 2437 817 2502 eis
832 2442 935 2501 motus
958 2433 1115 2517 quosdam
1136 2437 1250 2501 tacitos

102 2545 135 2604 et
161 2539 302 2604 occultos
330 2536 500 2603 simultatis
528 2538 815 2618 aemulationisque
842 2543 971 2602 mutuae
998 2540 1193 2618 putauerunt
1221 2544 1251 2603 et

103 2640 171 2705 eius
193 2640 241 2703 rei
263 2643 450 2721 argumenta
465 2635 623 2718 quaedam
641 2638 890 2703 coniectaria'ex
906 2656 1015 2702 eorum
1029 2638 1159 2722 scriptis
1180 2660 1251 2723 prc-

102 2741 249 2804 tulerunt.
296 2736 389 2815 cuod
412 2757 517 2820 neque
538 2758 559 2803 a
580 2739 715 2805 Platone
737 2740 770 2803 in
792 2745 839 2804 tot
860 2758 992 2804 numero
1014 2738 1105 2804 libris
1131 2742 1250 2806 mentio

102 2860 255 2923 umquam
268 2839 353 2904 facta
368 2841 409 2906 sit
423 2838 648 2923 Xenophontis
662 2859 767 2922 neque
782 2841 860 2905 item
874 2846 985 2906 contra
1005 2840 1047 2904 ab
1068 2859 1106 2905 eo
1130 2841 1164 2905 in
1188 2843 1253 2907 suis

102 2942 194 3007 libris
205 2941 360 3023 Platonis,
377 2958 570 3022 quamquam
585 2946 717 3022 uterque
732 2961 770 3006 ac
785 2943 926 3007 maxime
937 2940 1030 3007 Plato
1043 2943 1255 3025 complurium

104 3043 246 3109 Socratis
269 3047 459 3107 sectatorum
482 3044 515 3106 in
536 3042 737 3108 sermonibus
753 3061 833 3124 quos
849 3043 977 3126 scripsit
991 3044 1252 3109 commeminerit.

104 3144 143 3209 Id
166 3144 263 3208 etiarn
284 3163 348 3208 non
371 3145 513 3208 sincerae
535 3162 640 3225 neque
663 3145 785 3208 amicae
807 3144 981 3209 uoluntatis
1010 3144 1165 3210 indicium
1187 3165 1254 3211 cre·

104 3244 264 3325 diderunt,
287 3244 374 3325 quod
395 3243 578 3327 Xenophon
599 3245 709 3310 inclito
732 3246 780 3309 illi
803 3245 892 3328 operi
914 3245 1067 3328 Platonis,
1091 3244 1180 3327 quod
1199 3238 1252 3311 ‘de

104 3347 225 3430 optimo
248 3351 331 3410 statu
353 3345 551 3428 reipublicae
572 3336 858 3411 administrandae’
885 3344 1037 3428 scriptum
1064 3353 1131 3430 est,
1159 3348 1252 3412 lectis

104 3467 147 3512 ex
169 3466 207 3512 co
230 3445 353 3511 duobus
376 3446 443 3511 lere
464 3446 564 3528 libris,
588 3447 642 3528 qui
664 3447 758 3529 primi
780 3448 814 3510 in
836 3447 949 3528 uolgus
972 3448 1128 3530 exierunt,
1153 3468 1252 3531 oppo-

106 3548 169 3612 suit
201 3553 312 3611 contra
345 3547 596 3629 conscripsitque
630 3548 792 3612 diuersum
824 3547 933 3630 regiae
965 3547 1251 3614 administrationis

106 3667 206 3731 genus
229 3647 315 3729 quod
336 3645 495 3721 παιδείας
510 3645 622 3732 Κύρου
645 3649 832 3730 inscriptum
849 3654 905 3714 est.
939 3647 987 3713 Ec
1010 3648 1096 3714 facto
1120 3651 1251 3734 scripto-

106 3767 169 3831 que
192 3749 259 3813 eios
281 3769 383 3831 usque
409 3755 586 3832 permotum
610 3768 680 3814 csse
702 3749 869 3815 Platonem
899 3748 1019 3831 ferunt,
1048 3756 1084 3814 ut
1112 3751 1252 3833 quodam

195 3918 218 3975 1)
236 3913 304 3965 Vide
321 3929 347 3979 p.
361 3918 407 3964 ltl5
418 3918 475 3979 sqq.
546 3918 570 3978 2)
590 3913 630 3967 Gi.
650 3915 717 3968 Geli.
728 3915 761 3982 X,
774 3920 813 3983 12,
823 3921 847 3968 9.
