2714 4500
103 111 142 169 60
395 114 397 118 ’
562 107 640 163 Felix
657 107 785 178 Rudolph
1318 118 1342 170 bt

103 282 316 349 admiratione
338 288 449 366 captus
472 288 541 347 erat
562 283 751 365 scriptorum
774 279 912 347 Herodis
926 282 964 363 ¹),
996 282 1046 346 cui
1067 281 1245 349 Fauorinus
1316 293 1334 352 t.

102 384 331 452 bibliothecam
352 404 443 451 suam
463 389 653 450 testamento
675 385 886 467 legauerat2),
916 401 978 465 quo
1000 382 1131 449 tandem
1153 384 1248 452 modo

102 487 172 553 fieri
200 488 343 572 potuisse
372 492 481 570 putas,
512 485 588 567 quin
615 485 664 548 illi
689 485 889 569 propriorum
912 483 1089 551 studiorum
1109 486 1250 571 principi

102 595 199 672 atque
222 588 397 655 architecto
421 608 551 672 operam
572 586 729 652 nauaret‘?

187 708 293 790 Atque
316 707 344 773 si
366 705 428 772 hoc
449 706 528 771 mihi
551 705 698 789 contigit,
726 711 761 770 ut
781 704 952 770 Aelianum
972 704 1134 771 Fauorino
1159 725 1252 773 usum

104 830 175 878 esse
203 811 237 875 in
259 810 443 875 uniuersum
465 808 760 890 demonstrauerim,
784 827 822 873 eo
844 809 915 890 ipso
939 812 971 872 et
993 797 1253 891 ἀπομνημονεύ-

103 935 193 993 ματα
222 918 254 977 et
275 906 497 995 παντοδαπὴν
521 908 680 995 ἱστορίαν,
704 909 852 991 quoniam
874 909 956 975 inter
972 909 1041 976 eius
1056 909 1159 976 libros
1176 931 1254 994 quo·

104 1033 175 1078 rum
195 1013 342 1079 notitiam
365 1012 520 1078 habemus
542 1012 612 1078 sola
634 1011 811 1093 argumenti
832 1008 938 1076 floridi
960 1016 1042 1094 sunt,
1065 1011 1109 1077 ad
1127 1015 1255 1079 uariam

105 1114 271 1182 historiam
287 1113 550 1181 conscribendam
565 1133 634 1179 esse
650 1113 798 1178 adhibita
813 1113 1014 1196 exploratum
1030 1120 1094 1197 est3
1111 1112 1147 1179 id
1164 1115 1255 1197 quod

104 1217 169 1283 iam
192 1217 380 1300 singillatim
402 1215 586 1282 confirmare
609 1214 753 1281 studebo.

187 1470 229 1532 B.
263 1469 316 1534 De
338 1470 494 1532 Fauorini
514 1468 743 1531 commentariis
764 1469 874 1529 αανιάα
894 1467 1046 1530 historiae
1061 1468 1171 1551 fonte.

190 1623 296 1689 Gellio
320 1623 439 1706 scripta
455 1621 612 1704 quaedam
628 1621 790 1706 Fauorini,
813 1642 885 1687 cum
899 1628 1008 1688 noctes
1024 1621 1150 1689 Atticas
1166 1643 1255 1690 com·

103 1731 247 1808 poneret,
259 1730 388 1808 praesto
403 1724 502 1788 fuisse
514 1743 555 1788 ex
567 1723 608 1806 Χ,
624 1725 673 1804 12,
686 1724 718 1805 93
730 1723 788 1805 XI,
802 1727 830 1807 5,
844 1723 993 1807 {33le1,
1008 1725 1057 1806 12,
1070 1726 1090 1787 2
1102 1723 1255 1791 efficitur.

106 1826 249 1905 Quorum
271 1827 412 1891 locorum
434 1825 572 1909 primum
594 1824 660 1888 iam
682 1823 782 1889 dabo:
803 1818 883 1890 ‘Sed
904 1825 948 1909 id,
971 1824 1058 1908 quod
1072 1825 1256 1911 Archytam

103 1926 357 2011 Pythagoricum
379 1932 592 1991 commentum
616 1946 687 1991 esse
709 1932 805 2008 atque
827 1925 942 1993 fecisse
964 1926 1115 2011 traditur,
1145 1947 1255 2011 neque

103 2031 206 2097 minus
239 2028 429 2094 admirabile
461 2046 565 2110 neque
595 2033 703 2093 tamen
730 2048 848 2093 uanum
876 2046 980 2110 aeque
1009 2029 1113 2095 uideri
1144 2029 1253 2097 debet.

102 2131 186 2197 Nam
215 2137 247 2197 et
275 2131 421 2216 plerique
448 2130 605 2196 nobilium
628 2130 823 2197 Graecorum
845 2136 877 2194 et
898 2129 1121 2197 Fauorinus
1145 2131 1253 2216 philo·

104 2233 234 2318 sophus,
258 2233 538 2299 memoriarum
561 2239 743 2299 ueterum
766 2232 1183 2318 exsequentissimus,
1207 2234 1253 2300 af·

101 2334 317 2401 firmatissime
340 2334 611 2418 scripserunt,
639 2335 843 2401 simulacrum
866 2333 1033 2400 columbae
1056 2353 1075 2399 e
1096 2335 1188 2418 ligno
1208 2326 1252 2403 vab

102 2435 246 2519 Archyta
273 2437 396 2501 ratione
425 2435 564 2518 quadam
587 2437 822 2521 disciplinaque
844 2433 1031 2502 mechanica
1053 2435 1174 2502 factum
1196 2458 1252 2504 uo·

102 2538 205 2620 lasse,
229 2539 274 2603 ita
297 2544 366 2603 erat
388 2539 511 2605 scilicet
532 2538 730 2604 libramentis
752 2557 941 2621 suspensum
963 2543 995 2604 et
1016 2558 1096 2604 aura
1117 2540 1251 2624 spiritus

102 2638 226 2704 inclusa
254 2646 351 2722 atque
380 2641 505 2707 occulta
532 2640 700 2706 concitum.
744 2640 839 2705 Libet
865 2639 973 2706 hercle
1002 2660 1098 2724 super
1125 2663 1163 2708 re
1185 2649 1252 2708 tam

104 2738 288 2807 abhorrenti
311 2763 332 2806 a
353 2741 418 2807 fide
440 2743 541 2825 ipsius
555 2741 708 2807 Fauorini
730 2742 830 2807 uerba
844 2761 977 2824 ponere:
1001 2733 1163 2828 Ἀρχύτας
1182 2751 1251 2809 Τα-

105 2852 257 2925 ραντῖνος
277 2839 320 2905 τὰ
344 2836 429 2907 ἄλλα
451 2843 507 2906 καὶ
528 2839 705 2927 μηχανικὸς
728 2831 774 2906 ὢν
797 2839 954 2928 ἐποίησεν
975 2842 1180 2929 περιστερὰν
1197 2844 1216 2923 ξ
1236 2881 1252 2892 -

104 2943 196 3031 λίνην
219 2949 414 3034 πετομένην,
437 2943 477 3033 ἣν
500 2939 604 3011 ὁπότε
625 2948 798 3008 καθίσειεν
815 2935 924 3009 οὐκέτι
939 2936 1122 3010 ἇνίστατο’.
1158 2948 1253 3016 Hane

102 3048 318 3113 narrationem
333 3045 538 3123 Nietzsche3)
561 3068 581 3111 a
603 3048 838 3113 commentariis
861 3046 992 3129 quidem
1006 3048 1162 3115 Fauorini
1178 3071 1250 3118 cen·

102 3153 151 3214 set
174 3168 246 3214 esse
268 3148 486 3233 repetendam,
509 3148 595 3215 unde
616 3149 812 3215 Mercklinus
835 3150 932 3214 etiam
953 3170 983 3214 n.
999 3149 1038 3214 A.
1062 3150 1151 3219 locos
1175 3153 1250 3220 hos:

101 3251 158 3332 III,
177 3255 226 3333 17,
249 3252 307 3334 ΠΙ,
326 3254 374 3333 13,
389 3251 431 3334 Π,
449 3253 488 3314 18
512 3250 624 3317 ductos
647 3270 718 3316 esse
740 3250 949 3335 probabiliter
972 3253 1150 3331 coniecitb.

187 3368 310 3447 Quibus
340 3370 525 3453 praemissis
556 3367 639 3435 hano
667 3368 765 3434 Gellii
794 3375 826 3435 et
846 3369 975 3435 Aeliani
1006 3359 1251 3456 congruentiam

101 3470 207 3535 animo
230 3470 422 3554 pendamus:

188 3691 212 3752 1)
230 3686 357 3741 Philostr.
368 3704 394 3741 u.
405 3703 427 3740 s.
437 3686 473 3752 ΙΙ,
483 3689 524 3740 31.
588 3691 613 3750 2)
630 3686 698 3741 Ibid.
708 3688 730 3753 I,
741 3693 765 3743 8.
820 3694 846 3758 3)
858 3690 930 3746 Mus.
943 3688 996 3744 Rh.
1007 3706 1035 3746 n.
1045 3688 1174 3761 XXIHp.
1186 3696 1249 3749 647.

187 3775 212 3837 4)
229 3767 290 3824 ‘Die
303 3769 510 3825 Citiermethode
527 3771 582 3824 und
593 3771 860 3845 Quellenbenutzung
872 3777 920 3832 des
929 3777 962 3830 Α.
978 3775 1091 3834 Gellius'
1101 3777 1130 3833 in
1142 3771 1249 3835 ‘Jahrb

101 3854 120 3910 1.
142 3854 220 3909 class.
240 3853 350 3910 Philol’
371 3855 465 3925 Suppl.
483 3855 524 3907 111
542 3859 629 3922 (1860)
646 3873 672 3925 p.
693 3862 787 3928 tttsq.
