<?xml version="1.0" encoding="UTF-8"?>
<!DOCTYPE html PUBLIC "-//W3C//DTD XHTML 1.0 Transitional//EN"
    "http://www.w3.org/TR/xhtml1/DTD/xhtml1-transitional.dtd">
<html xmlns="http://www.w3.org/1999/xhtml" xml:lang="en" lang="en">
 <head>
  <title>
</title>
<meta http-equiv="Content-Type" content="text/html;charset=utf-8" />
  <meta name='ocr-system' content='tesseract 3.04.00' />
  <meta name='ocr-capabilities' content='ocr_page ocr_carea ocr_par ocr_line ocrx_word'/>
</head>
<body>
  <div class='ocr_page' id='page_1' title='image "./defontibusquibu00rudogoog_0012.png"; bbox 0 0 2714 4500; ppageno 0'>
   <div class='ocr_carea' id='block_1_1' title="bbox 93 187 1212 281">
    <p class='ocr_par' dir='ltr' id='par_1_1' title="bbox 93 187 1212 281">
     <span class='ocr_line' id='line_1_1' title="bbox 93 187 1212 281; baseline 0.009 -40"><span class='ocrx_word' id='word_1_1' title='bbox 93 188 136 244; x_wconf 85' lang='lat' dir='ltr'><strong>Da</strong></span> <span class='ocrx_word' id='word_1_2' title='bbox 155 187 283 245; x_wconf 86' lang='lat' dir='ltr'><strong>fontibus</strong></span> <span class='ocrx_word' id='word_1_3' title='bbox 302 191 398 281; x_wconf 79' lang='lat' dir='ltr'><strong>quibus</strong></span> <span class='ocrx_word' id='word_1_4' title='bbox 411 190 540 246; x_wconf 83' lang='lat' dir='ltr'><strong>Aelianus</strong></span> <span class='ocrx_word' id='word_1_5' title='bbox 558 191 587 246; x_wconf 91' lang='lat' dir='ltr'><strong>in</strong></span> <span class='ocrx_word' id='word_1_6' title='bbox 605 191 682 246; x_wconf 85' lang='lat' dir='ltr'><strong>uaria</strong></span> <span class='ocrx_word' id='word_1_7' title='bbox 700 191 813 246; x_wconf 87' lang='lat' dir='ltr'><strong>historia</strong></span> <span class='ocrx_word' id='word_1_8' title='bbox 832 192 1018 260; x_wconf 85' lang='lat' dir='ltr'><strong>componenda</strong></span> <span class='ocrx_word' id='word_1_9' title='bbox 1037 207 1103 247; x_wconf 87' lang='lat' dir='ltr'><strong>usus</strong></span> <span class='ocrx_word' id='word_1_10' title='bbox 1116 192 1158 249; x_wconf 85' lang='lat' dir='ltr'><strong>sit.</strong></span> <span class='ocrx_word' id='word_1_11' title='bbox 1195 193 1212 251; x_wconf 86' lang='grc'>7</span> 
     </span>
    </p>
   </div>
   <div class='ocr_carea' id='block_1_2' title="bbox 36 350 1283 3093">
    <p class='ocr_par' dir='ltr' id='par_1_2' title="bbox 36 350 1283 3093">
     <span class='ocr_line' id='line_1_2' title="bbox 59 350 1215 448; baseline 0.005 -23"><span class='ocrx_word' id='word_1_12' title='bbox 59 361 174 444; x_wconf 81' lang='lat' dir='ltr'><strong>Tyrio,</strong></span> <span class='ocrx_word' id='word_1_13' title='bbox 200 350 296 445; x_wconf 82' lang='lat' dir='ltr'><strong>quem</strong></span> <span class='ocrx_word' id='word_1_14' title='bbox 317 383 400 430; x_wconf 90' lang='lat' dir='ltr'><strong>anno</strong></span> <span class='ocrx_word' id='word_1_15' title='bbox 417 365 478 427; x_wconf 90' lang='grc'><strong>228</strong></span> <span class='ocrx_word' id='word_1_16' title='bbox 501 364 561 430; x_wconf 90' lang='lat' dir='ltr'><strong>sub</strong></span> <span class='ocrx_word' id='word_1_17' title='bbox 576 363 761 430; x_wconf 86' lang='lat' dir='ltr'><strong>Alexandro</strong></span> <span class='ocrx_word' id='word_1_18' title='bbox 784 385 805 430; x_wconf 90' lang='lat' dir='ltr'><strong>a</strong></span> <span class='ocrx_word' id='word_1_19' title='bbox 826 365 980 431; x_wconf 83' lang='lat' dir='ltr'><strong>militibus</strong></span> <span class='ocrx_word' id='word_1_20' title='bbox 1003 365 1215 448; x_wconf 90' lang='lat' dir='ltr'><strong>praetorianis</strong></span> 
     </span>
     <span class='ocr_line' id='line_1_3' title="bbox 60 464 1257 565; baseline 0.003 -37"><span class='ocrx_word' id='word_1_21' title='bbox 60 464 205 529; x_wconf 89' lang='lat' dir='ltr'><strong>occisum</strong></span> <span class='ocrx_word' id='word_1_22' title='bbox 243 484 313 531; x_wconf 87' lang='lat' dir='ltr'><strong>esse</strong></span> <span class='ocrx_word' id='word_1_23' title='bbox 348 471 457 530; x_wconf 88' lang='lat' dir='ltr'><strong>notum</strong></span> <span class='ocrx_word' id='word_1_24' title='bbox 493 472 549 530; x_wconf 88' lang='lat' dir='ltr'><strong>est.</strong></span> <span class='ocrx_word' id='word_1_25' title='bbox 603 465 710 548; x_wconf 83' lang='lat' dir='ltr'><strong>Atque</strong></span> <span class='ocrx_word' id='word_1_26' title='bbox 743 466 915 549; x_wconf 82' lang='lat' dir='ltr'><strong>uestigium</strong></span> <span class='ocrx_word' id='word_1_27' title='bbox 949 465 1110 548; x_wconf 87' lang='lat' dir='ltr'>quoddam</span> <span class='ocrx_word' id='word_1_28' title='bbox 1146 467 1214 532; x_wconf 89' lang='lat' dir='ltr'><strong>eius</strong></span> <span class='ocrx_word' id='word_1_29' title='bbox 1251 514 1257 565; x_wconf 36' lang='grc' dir='ltr'><strong>ΙΙ</strong></span> 
     </span>
     <span class='ocr_line' id='line_1_4' title="bbox 60 563 1257 657; baseline 0.008 -25"><span class='ocrx_word' id='word_1_30' title='bbox 60 565 173 657; x_wconf 81' lang='lat' dir='ltr'><strong>caedis</strong></span> <span class='ocrx_word' id='word_1_31' title='bbox 198 565 450 650; x_wconf 71' lang='lat' dir='ltr'><strong>deprehendisse</strong></span> <span class='ocrx_word' id='word_1_32' title='bbox 473 567 534 632; x_wconf 91' lang='lat' dir='ltr'><strong>sibi</strong></span> <span class='ocrx_word' id='word_1_33' title='bbox 557 567 645 633; x_wconf 88' lang='lat' dir='ltr'><strong>uisus</strong></span> <span class='ocrx_word' id='word_1_34' title='bbox 668 574 716 633; x_wconf 88' lang='lat' dir='ltr'><strong>est</strong></span> <span class='ocrx_word' id='word_1_35' title='bbox 737 563 854 634; x_wconf 87' lang='lat' dir='ltr'><strong>Athen.</strong></span> <span class='ocrx_word' id='word_1_36' title='bbox 878 568 939 632; x_wconf 87' lang='lat' dir='ltr'><strong>XV</strong></span> <span class='ocrx_word' id='word_1_37' title='bbox 960 589 991 652; x_wconf 89' lang='lat' dir='ltr'><strong>p.</strong></span> <span class='ocrx_word' id='word_1_38' title='bbox 1008 569 1070 632; x_wconf 84' lang='grc'><strong>686</strong></span> <span class='ocrx_word' id='word_1_39' title='bbox 1083 588 1109 633; x_wconf 90' lang='lat' dir='ltr'><strong>a.</strong></span> <span class='ocrx_word' id='word_1_40' title='bbox 1147 566 1214 633; x_wconf 82' lang='lat' dir='ltr'><strong>Sed</strong></span> <span class='ocrx_word' id='word_1_41' title='bbox 1249 578 1257 639; x_wconf 73' lang='grc' dir='ltr'><strong>ἑ.</strong></span> 
     </span>
     <span class='ocr_line' id='line_1_5' title="bbox 60 667 1214 752; baseline 0.001 -20"><span class='ocrx_word' id='word_1_42' title='bbox 60 687 103 733; x_wconf 87' lang='lat' dir='ltr'><strong>ne</strong></span> <span class='ocrx_word' id='word_1_43' title='bbox 132 669 229 734; x_wconf 91' lang='lat' dir='ltr'><strong>nimis</strong></span> <span class='ocrx_word' id='word_1_44' title='bbox 258 687 360 752; x_wconf 81' lang='lat' dir='ltr'><strong>sagax</strong></span> <span class='ocrx_word' id='word_1_45' title='bbox 389 667 507 735; x_wconf 86' lang='lat' dir='ltr'><strong>euadat</strong></span> <span class='ocrx_word' id='word_1_46' title='bbox 535 669 585 733; x_wconf 91' lang='lat' dir='ltr'><strong>uir</strong></span> <span class='ocrx_word' id='word_1_47' title='bbox 613 667 825 735; x_wconf 87' lang='lat' dir='ltr'><strong>doctissimus.</strong></span> <span class='ocrx_word' id='word_1_48' title='bbox 869 670 983 752; x_wconf 88' lang='lat' dir='ltr'><strong>Neque</strong></span> <span class='ocrx_word' id='word_1_49' title='bbox 1012 669 1097 735; x_wconf 90' lang='lat' dir='ltr'><strong>enim</strong></span> <span class='ocrx_word' id='word_1_50' title='bbox 1124 668 1214 734; x_wconf 90' lang='lat' dir='ltr'><strong>aliud</strong></span> 
     </span>
     <span class='ocr_line' id='line_1_6' title="bbox 61 768 1214 852; baseline 0.002 -18"><span class='ocrx_word' id='word_1_51' title='bbox 61 768 243 852; x_wconf 88' lang='lat' dir='ltr'><strong>quidquam</strong></span> <span class='ocrx_word' id='word_1_52' title='bbox 266 789 307 836; x_wconf 89' lang='lat' dir='ltr'><strong>ex</strong></span> <span class='ocrx_word' id='word_1_53' title='bbox 329 768 483 836; x_wconf 85' lang='lat' dir='ltr'><strong>hocloco</strong></span> <span class='ocrx_word' id='word_1_54' title='bbox 508 768 658 852; x_wconf 84' lang='lat' dir='ltr'><strong>efficitur,</strong></span> <span class='ocrx_word' id='word_1_55' title='bbox 688 770 749 836; x_wconf 92' lang='lat' dir='ltr'><strong>nisi</strong></span> <span class='ocrx_word' id='word_1_56' title='bbox 772 777 807 836; x_wconf 89' lang='lat' dir='ltr'><strong>ut</strong></span> <span class='ocrx_word' id='word_1_57' title='bbox 829 777 938 837; x_wconf 84' lang='lat' dir='ltr'><strong>auctor</strong></span> <span class='ocrx_word' id='word_1_58' title='bbox 959 771 1095 837; x_wconf 88' lang='lat' dir='ltr'><strong>alicuius</strong></span> <span class='ocrx_word' id='word_1_59' title='bbox 1117 772 1214 837; x_wconf 90' lang='lat' dir='ltr'><strong>amici</strong></span> 
     </span>
     <span class='ocr_line' id='line_1_7' title="bbox 60 868 1213 955; baseline 0.003 -21"><span class='ocrx_word' id='word_1_60' title='bbox 60 876 200 936; x_wconf 86' lang='lat' dir='ltr'><strong>mortem</strong></span> <span class='ocrx_word' id='word_1_61' title='bbox 223 871 360 937; x_wconf 89' lang='lat' dir='ltr'><strong>suhitam</strong></span> <span class='ocrx_word' id='word_1_62' title='bbox 384 872 539 955; x_wconf 89' lang='lat' dir='ltr'><strong>deploret.</strong></span> <span class='ocrx_word' id='word_1_63' title='bbox 584 873 627 937; x_wconf 92' lang='lat' dir='ltr'><strong>At</strong></span> <span class='ocrx_word' id='word_1_64' title='bbox 648 870 731 937; x_wconf 92' lang='lat' dir='ltr'><strong>hunc</strong></span> <span class='ocrx_word' id='word_1_65' title='bbox 753 872 905 950; x_wconf 83' lang='lat' dir='ltr'><strong>amicum,</strong></span> <span class='ocrx_word' id='word_1_66' title='bbox 935 873 1023 940; x_wconf 86' lang='lat' dir='ltr'><strong>auius</strong></span> <span class='ocrx_word' id='word_1_67' title='bbox 1047 868 1130 939; x_wconf 88' lang='lat' dir='ltr'><strong>mors</strong></span> <span class='ocrx_word' id='word_1_68' title='bbox 1154 873 1213 938; x_wconf 90' lang='lat' dir='ltr'><strong>etsi</strong></span> 
     </span>
     <span class='ocr_line' id='line_1_8' title="bbox 60 972 1212 1058; baseline 0.003 -22"><span class='ocrx_word' id='word_1_69' title='bbox 60 992 127 1038; x_wconf 92' lang='lat' dir='ltr'><strong>non</strong></span> <span class='ocrx_word' id='word_1_70' title='bbox 149 972 219 1038; x_wconf 90' lang='lat' dir='ltr'><strong>sine</strong></span> <span class='ocrx_word' id='word_1_71' title='bbox 243 993 358 1057; x_wconf 83' lang='lat' dir='ltr'><strong>magno</strong></span> <span class='ocrx_word' id='word_1_72' title='bbox 379 974 491 1040; x_wconf 90' lang='lat' dir='ltr'><strong>dolore</strong></span> <span class='ocrx_word' id='word_1_73' title='bbox 505 978 698 1038; x_wconf 88' lang='lat' dir='ltr'><strong>memoratur</strong></span> <span class='ocrx_word' id='word_1_74' title='bbox 713 979 820 1039; x_wconf 87' lang='lat' dir='ltr'><strong>tamen</strong></span> <span class='ocrx_word' id='word_1_75' title='bbox 835 981 996 1057; x_wconf 83' lang='lat' dir='ltr'><strong>tamquam</strong></span> <span class='ocrx_word' id='word_1_76' title='bbox 1012 974 1108 1040; x_wconf 89' lang='lat' dir='ltr'><strong>beata</strong></span> <span class='ocrx_word' id='word_1_77' title='bbox 1122 993 1212 1058; x_wconf 89' lang='lat' dir='ltr'><strong>prae·</strong></span> 
     </span>
     <span class='ocr_line' id='line_1_9' title="bbox 63 1074 1213 1160; baseline 0.004 -22"><span class='ocrx_word' id='word_1_78' title='bbox 63 1074 167 1139; x_wconf 89' lang='lat' dir='ltr'><strong>dicari</strong></span> <span class='ocrx_word' id='word_1_79' title='bbox 196 1074 338 1160; x_wconf 83' lang='lat' dir='ltr'><strong>uidetur,</strong></span> <span class='ocrx_word' id='word_1_80' title='bbox 368 1076 466 1142; x_wconf 85' lang='lat' dir='ltr'><strong>fuisse</strong></span> <span class='ocrx_word' id='word_1_81' title='bbox 489 1075 662 1158; x_wconf 89' lang='lat' dir='ltr'><strong>Ulpianum</strong></span> <span class='ocrx_word' id='word_1_82' title='bbox 693 1076 747 1157; x_wconf 91' lang='lat' dir='ltr'><strong>qui</strong></span> <span class='ocrx_word' id='word_1_83' title='bbox 776 1075 906 1158; x_wconf 90' lang='lat' dir='ltr'><strong>quidem</strong></span> <span class='ocrx_word' id='word_1_84' title='bbox 932 1076 1015 1141; x_wconf 87' lang='lat' dir='ltr'><strong>ferro</strong></span> <span class='ocrx_word' id='word_1_85' title='bbox 1038 1077 1213 1143; x_wconf 86' lang='lat' dir='ltr'><strong>trucidatus</strong></span> 
     </span>
     <span class='ocr_line' id='line_1_10' title="bbox 64 1176 1213 1259; baseline 0 -18"><span class='ocrx_word' id='word_1_86' title='bbox 64 1181 114 1241; x_wconf 88' lang='lat' dir='ltr'><strong>est</strong></span> <span class='ocrx_word' id='word_1_87' title='bbox 143 1195 206 1258; x_wconf 92' lang='lat' dir='ltr'><strong>quo</strong></span> <span class='ocrx_word' id='word_1_88' title='bbox 237 1177 379 1248; x_wconf 63' lang='lat' dir='ltr'><strong>tandem,</strong></span> <span class='ocrx_word' id='word_1_89' title='bbox 396 1178 464 1243; x_wconf 90' lang='lat' dir='ltr'><strong>inre</strong></span> <span class='ocrx_word' id='word_1_90' title='bbox 492 1177 549 1242; x_wconf 94' lang='lat' dir='ltr'><strong>ille</strong></span> <span class='ocrx_word' id='word_1_91' title='bbox 577 1176 753 1259; x_wconf 79' lang='lat' dir='ltr'><strong>cogitauit?</strong></span> <span class='ocrx_word' id='word_1_92' title='bbox 787 1177 886 1243; x_wconf 91' lang='lat' dir='ltr'><strong>Porro</strong></span> <span class='ocrx_word' id='word_1_93' title='bbox 908 1198 1023 1243; x_wconf 89' lang='lat' dir='ltr'><strong>nomen</strong></span> <span class='ocrx_word' id='word_1_94' title='bbox 1047 1178 1116 1244; x_wconf 92' lang='lat' dir='ltr'><strong>eius</strong></span> <span class='ocrx_word' id='word_1_95' title='bbox 1137 1198 1213 1242; x_wconf 92' lang='lat' dir='ltr'><strong>num</strong></span> 
     </span>
     <span class='ocr_line' id='line_1_11' title="bbox 62 1277 1211 1364; baseline 0.003 -23"><span class='ocrx_word' id='word_1_96' title='bbox 62 1297 127 1341; x_wconf 91' lang='lat' dir='ltr'><strong>una</strong></span> <span class='ocrx_word' id='word_1_97' title='bbox 150 1277 258 1342; x_wconf 87' lang='lat' dir='ltr'><strong>littera</strong></span> <span class='ocrx_word' id='word_1_98' title='bbox 280 1278 325 1343; x_wconf 94' lang='lat' dir='ltr'><strong>ibi</strong></span> <span class='ocrx_word' id='word_1_99' title='bbox 347 1278 568 1363; x_wconf 81' lang='lat' dir='ltr'><strong>significatur?</strong></span> <span class='ocrx_word' id='word_1_100' title='bbox 600 1277 687 1356; x_wconf 82' lang='lat' dir='ltr'><strong>Quid</strong></span> <span class='ocrx_word' id='word_1_101' title='bbox 702 1279 788 1360; x_wconf 91' lang='lat' dir='ltr'><strong>quod</strong></span> <span class='ocrx_word' id='word_1_102' title='bbox 805 1280 837 1359; x_wconf 36' lang='lat' dir='ltr'><strong>is„</strong></span> <span class='ocrx_word' id='word_1_103' title='bbox 848 1279 1006 1364; x_wconf 90' lang='lat' dir='ltr'><strong>Ulpianus</strong></span> <span class='ocrx_word' id='word_1_104' title='bbox 1022 1281 1111 1346; x_wconf 90' lang='lat' dir='ltr'><strong>ouius</strong></span> <span class='ocrx_word' id='word_1_105' title='bbox 1126 1300 1211 1346; x_wconf 89' lang='lat' dir='ltr'><strong>men·</strong></span> 
     </span>
     <span class='ocr_line' id='line_1_12' title="bbox 61 1373 1212 1468; baseline 0 -25"><span class='ocrx_word' id='word_1_106' title='bbox 61 1379 184 1444; x_wconf 89' lang='lat' dir='ltr'><strong>tionem</strong></span> <span class='ocrx_word' id='word_1_107' title='bbox 207 1378 392 1446; x_wconf 80' lang='lat' dir='ltr'><strong>Athenaeus</strong></span> <span class='ocrx_word' id='word_1_108' title='bbox 415 1380 492 1446; x_wconf 85' lang='lat' dir='ltr'><strong>lacit</strong></span> <span class='ocrx_word' id='word_1_109' title='bbox 514 1399 669 1468; x_wconf 84' lang='lat' dir='ltr'><strong>nusquam</strong></span> <span class='ocrx_word' id='word_1_110' title='bbox 693 1381 902 1464; x_wconf 89' lang='lat' dir='ltr'><strong>iurisperitus,</strong></span> <span class='ocrx_word' id='word_1_111' title='bbox 925 1381 984 1447; x_wconf 88' lang='lat' dir='ltr'><strong>sed</strong></span> <span class='ocrx_word' id='word_1_112' title='bbox 999 1373 1212 1464; x_wconf 65' lang='grc' dir='ltr'><em>ὀνοματοθή-</em></span> 
     </span>
     <span class='ocr_line' id='line_1_13' title="bbox 59 1480 1212 1575; baseline 0.003 -30"><span class='ocrx_word' id='word_1_113' title='bbox 59 1502 123 1575; x_wconf 69' lang='lat' dir='ltr'><strong>porc</strong></span> <span class='ocrx_word' id='word_1_114' title='bbox 137 1480 175 1563; x_wconf 88' lang='lat'><strong>¹),</strong></span> <span class='ocrx_word' id='word_1_115' title='bbox 200 1481 220 1545; x_wconf 91' lang='lat' dir='ltr'><strong>i.</strong></span> <span class='ocrx_word' id='word_1_116' title='bbox 237 1500 264 1546; x_wconf 89' lang='lat' dir='ltr'><strong>e.</strong></span> <span class='ocrx_word' id='word_1_117' title='bbox 287 1488 420 1548; x_wconf 90' lang='lat' dir='ltr'><strong>uenator</strong></span> <span class='ocrx_word' id='word_1_118' title='bbox 448 1482 676 1548; x_wconf 90' lang='lat' dir='ltr'><strong>uocabulorum</strong></span> <span class='ocrx_word' id='word_1_119' title='bbox 704 1482 885 1567; x_wconf 89' lang='lat' dir='ltr'><strong>appellatur</strong></span> <span class='ocrx_word' id='word_1_120' title='bbox 913 1483 1050 1566; x_wconf 86' lang='lat' dir='ltr'><strong>talisque</strong></span> <span class='ocrx_word' id='word_1_121' title='bbox 1074 1481 1212 1548; x_wconf 92' lang='lat' dir='ltr'><strong>hominis</strong></span> 
     </span>
     <span class='ocr_line' id='line_1_14' title="bbox 36 1583 1211 1667; baseline 0.001 -19"><span class='ocrx_word' id='word_1_122' title='bbox 36 1601 234 1666; x_wconf 65' lang='lat' dir='ltr'><strong>,personam</strong></span> <span class='ocrx_word' id='word_1_123' title='bbox 264 1583 383 1666; x_wconf 90' lang='lat' dir='ltr'><strong>ubique</strong></span> <span class='ocrx_word' id='word_1_124' title='bbox 410 1584 501 1667; x_wconf 83' lang='lat' dir='ltr'><strong>gerit.</strong></span> <span class='ocrx_word' id='word_1_125' title='bbox 545 1583 617 1666; x_wconf 83' lang='lat' dir='ltr'><strong>Age</strong></span> <span class='ocrx_word' id='word_1_126' title='bbox 643 1602 720 1648; x_wconf 90' lang='lat' dir='ltr'><strong>uero</strong></span> <span class='ocrx_word' id='word_1_127' title='bbox 742 1603 898 1667; x_wconf 89' lang='lat' dir='ltr'><strong>ponamus</strong></span> <span class='ocrx_word' id='word_1_128' title='bbox 921 1583 1005 1651; x_wconf 92' lang='lat' dir='ltr'><strong>hunc</strong></span> <span class='ocrx_word' id='word_1_129' title='bbox 1027 1604 1098 1651; x_wconf 91' lang='lat' dir='ltr'><strong>oum</strong></span> <span class='ocrx_word' id='word_1_130' title='bbox 1122 1583 1211 1649; x_wconf 88' lang='lat' dir='ltr'><strong>iuris-</strong></span> 
     </span>
     <span class='ocr_line' id='line_1_15' title="bbox 60 1684 1211 1769; baseline 0.001 -20"><span class='ocrx_word' id='word_1_131' title='bbox 60 1685 209 1750; x_wconf 85' lang='lat' dir='ltr'><strong>consulto</strong></span> <span class='ocrx_word' id='word_1_132' title='bbox 238 1684 309 1766; x_wconf 91' lang='lat' dir='ltr'><strong>illo,</strong></span> <span class='ocrx_word' id='word_1_133' title='bbox 342 1687 396 1767; x_wconf 94' lang='lat' dir='ltr'><strong>qui</strong></span> <span class='ocrx_word' id='word_1_134' title='bbox 419 1685 596 1751; x_wconf 86' lang='lat' dir='ltr'><strong>Alexandri</strong></span> <span class='ocrx_word' id='word_1_135' title='bbox 625 1685 805 1768; x_wconf 85' lang='lat' dir='ltr'><strong>praelectus</strong></span> <span class='ocrx_word' id='word_1_136' title='bbox 828 1687 987 1769; x_wconf 88' lang='lat' dir='ltr'><strong>praetorio</strong></span> <span class='ocrx_word' id='word_1_137' title='bbox 1010 1686 1085 1769; x_wconf 83' lang='lat' dir='ltr'><strong>fuit,</strong></span> <span class='ocrx_word' id='word_1_138' title='bbox 1115 1705 1211 1750; x_wconf 91' lang='lat' dir='ltr'><strong>unum</strong></span> 
     </span>
     <span class='ocr_line' id='line_1_16' title="bbox 61 1785 1211 1871; baseline -0.002 -17"><span class='ocrx_word' id='word_1_139' title='bbox 61 1787 267 1867; x_wconf 89' lang='lat' dir='ltr'><strong>eundemque</strong></span> <span class='ocrx_word' id='word_1_140' title='bbox 290 1806 376 1870; x_wconf 88' lang='lat' dir='ltr'><strong>esse,</strong></span> <span class='ocrx_word' id='word_1_141' title='bbox 399 1792 439 1861; x_wconf 75' lang='lat' dir='ltr'><strong>¹,et</strong></span> <span class='ocrx_word' id='word_1_142' title='bbox 459 1785 661 1853; x_wconf 87' lang='lat' dir='ltr'><strong>Athenaeum</strong></span> <span class='ocrx_word' id='word_1_143' title='bbox 683 1793 773 1871; x_wconf 91' lang='lat' dir='ltr'><strong>post</strong></span> <span class='ocrx_word' id='word_1_144' title='bbox 795 1788 864 1854; x_wconf 90' lang='lat' dir='ltr'><strong>eius</strong></span> <span class='ocrx_word' id='word_1_145' title='bbox 887 1787 1020 1854; x_wconf 90' lang='lat' dir='ltr'><strong>caedem</strong></span> <span class='ocrx_word' id='word_1_146' title='bbox 1042 1808 1126 1854; x_wconf 89' lang='lat' dir='ltr'><strong>anno</strong></span> <span class='ocrx_word' id='word_1_147' title='bbox 1149 1790 1211 1852; x_wconf 91' lang='grc'><strong>228</strong></span> 
     </span>
     <span class='ocr_line' id='line_1_17' title="bbox 60 1889 1248 1974; baseline 0.002 -19"><span class='ocrx_word' id='word_1_148' title='bbox 60 1894 222 1974; x_wconf 89' lang='lat' dir='ltr'><strong>patratam</strong></span> <span class='ocrx_word' id='word_1_149' title='bbox 246 1890 335 1972; x_wconf 91' lang='lat' dir='ltr'><strong>operi</strong></span> <span class='ocrx_word' id='word_1_150' title='bbox 358 1909 415 1955; x_wconf 88' lang='lat' dir='ltr'><strong>sno</strong></span> <span class='ocrx_word' id='word_1_151' title='bbox 439 1889 534 1954; x_wconf 89' lang='lat' dir='ltr'><strong>finem</strong></span> <span class='ocrx_word' id='word_1_152' title='bbox 557 1889 774 1971; x_wconf 83' lang='lat' dir='ltr'><strong>constituisse3</strong></span> <span class='ocrx_word' id='word_1_153' title='bbox 798 1896 984 1972; x_wconf 87' lang='lat' dir='ltr'><strong>sequeretur</strong></span> <span class='ocrx_word' id='word_1_154' title='bbox 1006 1891 1089 1955; x_wconf 89' lang='lat' dir='ltr'><strong>intra</strong></span> <span class='ocrx_word' id='word_1_155' title='bbox 1111 1910 1212 1957; x_wconf 90' lang='lat' dir='ltr'><strong>annos</strong></span> <span class='ocrx_word' id='word_1_156' title='bbox 1246 1931 1248 1935; x_wconf 94' lang='lat'>-</span> 
     </span>
     <span class='ocr_line' id='line_1_18' title="bbox 61 1989 1210 2075; baseline 0.002 -21"><span class='ocrx_word' id='word_1_157' title='bbox 61 1993 124 2055; x_wconf 87' lang='grc'><strong>228</strong></span> <span class='ocrx_word' id='word_1_158' title='bbox 150 1997 181 2057; x_wconf 92' lang='lat' dir='ltr'><strong>et</strong></span> <span class='ocrx_word' id='word_1_159' title='bbox 201 1992 284 2075; x_wconf 83' lang='grc'>231,</span> <span class='ocrx_word' id='word_1_160' title='bbox 307 2010 369 2073; x_wconf 91' lang='lat' dir='ltr'><strong>quo</strong></span> <span class='ocrx_word' id='word_1_161' title='bbox 393 1991 522 2074; x_wconf 90' lang='lat' dir='ltr'><strong>quidem</strong></span> <span class='ocrx_word' id='word_1_162' title='bbox 544 1990 756 2057; x_wconf 85' lang='lat' dir='ltr'><strong>Philostratus</strong></span> <span class='ocrx_word' id='word_1_163' title='bbox 778 1992 862 2059; x_wconf 88' lang='lat' dir='ltr'><strong>uitas</strong></span> <span class='ocrx_word' id='word_1_164' title='bbox 885 1992 996 2075; x_wconf 89' lang='lat' dir='ltr'><strong>edidit,</strong></span> <span class='ocrx_word' id='word_1_165' title='bbox 1021 1998 1052 2057; x_wconf 89' lang='lat' dir='ltr'><strong>et</strong></span> <span class='ocrx_word' id='word_1_166' title='bbox 1075 1989 1210 2056; x_wconf 76' lang='lat' dir='ltr'><strong>decaro-</strong></span> 
     </span>
     <span class='ocr_line' id='line_1_19' title="bbox 59 2087 1262 2179; baseline 0.002 -22"><span class='ocrx_word' id='word_1_167' title='bbox 59 2087 231 2179; x_wconf 73' lang='lat' dir='ltr'><strong>oocpcordc</strong></span> <span class='ocrx_word' id='word_1_168' title='bbox 253 2091 286 2155; x_wconf 94' lang='lat' dir='ltr'><strong>in</strong></span> <span class='ocrx_word' id='word_1_169' title='bbox 307 2092 471 2176; x_wconf 92' lang='lat' dir='ltr'><strong>publicum</strong></span> <span class='ocrx_word' id='word_1_170' title='bbox 493 2094 668 2178; x_wconf 87' lang='lat' dir='ltr'><strong>prodiisse,</strong></span> <span class='ocrx_word' id='word_1_171' title='bbox 697 2099 729 2158; x_wconf 91' lang='lat' dir='ltr'><strong>et</strong></span> <span class='ocrx_word' id='word_1_172' title='bbox 751 2093 919 2158; x_wconf 86' lang='lat' dir='ltr'><strong>Aelianum</strong></span> <span class='ocrx_word' id='word_1_173' title='bbox 944 2094 1034 2158; x_wconf 91' lang='lat' dir='ltr'><strong>uaria</strong></span> <span class='ocrx_word' id='word_1_174' title='bbox 1056 2113 1115 2159; x_wconf 88' lang='lat' dir='ltr'><strong>sua</strong></span> <span class='ocrx_word' id='word_1_175' title='bbox 1137 2114 1210 2160; x_wconf 91' lang='lat' dir='ltr'><strong>con·</strong></span> <span class='ocrx_word' id='word_1_176' title='bbox 1260 2088 1262 2093; x_wconf 66' lang='grc'>’</span> 
     </span>
     <span class='ocr_line' id='line_1_20' title="bbox 59 2193 1212 2277; baseline -0.001 -15"><span class='ocrx_word' id='word_1_177' title='bbox 59 2195 255 2262; x_wconf 89' lang='lat' dir='ltr'><strong>scribentem</strong></span> <span class='ocrx_word' id='word_1_178' title='bbox 277 2193 318 2261; x_wconf 89' lang='lat' dir='ltr'><strong>iis</strong></span> <span class='ocrx_word' id='word_1_179' title='bbox 340 2214 431 2260; x_wconf 88' lang='lat' dir='ltr'><strong>usum</strong></span> <span class='ocrx_word' id='word_1_180' title='bbox 455 2214 526 2262; x_wconf 86' lang='lat' dir='ltr'><strong>esse</strong></span> <span class='ocrx_word' id='word_1_181' title='bbox 549 2203 581 2260; x_wconf 85' lang='lat' dir='ltr'><strong>et</strong></span> <span class='ocrx_word' id='word_1_182' title='bbox 602 2195 693 2260; x_wconf 90' lang='lat' dir='ltr'><strong>uaria</strong></span> <span class='ocrx_word' id='word_1_183' title='bbox 715 2195 892 2262; x_wconf 86' lang='lat' dir='ltr'><strong>confecisse</strong></span> <span class='ocrx_word' id='word_1_184' title='bbox 915 2199 946 2259; x_wconf 92' lang='lat' dir='ltr'><strong>et</strong></span> <span class='ocrx_word' id='word_1_185' title='bbox 969 2194 1072 2277; x_wconf 90' lang='lat' dir='ltr'><strong>ipsum</strong></span> <span class='ocrx_word' id='word_1_186' title='bbox 1088 2197 1212 2261; x_wconf 82' lang='lat' dir='ltr'><strong>exuite</strong></span> 
     </span>
     <span class='ocr_line' id='line_1_21' title="bbox 57 2294 1210 2375; baseline 0.001 -13"><span class='ocrx_word' id='word_1_187' title='bbox 57 2297 259 2364; x_wconf 76' lang='lat' dir='ltr'><strong>discessisse.</strong></span> <span class='ocrx_word' id='word_1_188' title='bbox 294 2296 384 2362; x_wconf 89' lang='lat' dir='ltr'><strong>Haec</strong></span> <span class='ocrx_word' id='word_1_189' title='bbox 405 2316 482 2362; x_wconf 89' lang='lat' dir='ltr'><strong>uero</strong></span> <span class='ocrx_word' id='word_1_190' title='bbox 506 2297 612 2362; x_wconf 90' lang='lat' dir='ltr'><strong>omnia</strong></span> <span class='ocrx_word' id='word_1_191' title='bbox 634 2297 667 2360; x_wconf 93' lang='lat' dir='ltr'><strong>in</strong></span> <span class='ocrx_word' id='word_1_192' title='bbox 689 2301 755 2360; x_wconf 85' lang='lat' dir='ltr'><strong>tarn</strong></span> <span class='ocrx_word' id='word_1_193' title='bbox 777 2294 928 2375; x_wconf 83' lang='lat' dir='ltr'><strong>exiguum</strong></span> <span class='ocrx_word' id='word_1_194' title='bbox 944 2315 1098 2361; x_wconf 88' lang='lat' dir='ltr'><strong>annorum</strong></span> <span class='ocrx_word' id='word_1_195' title='bbox 1115 2297 1210 2363; x_wconf 89' lang='lat' dir='ltr'><strong>inter-</strong></span> 
     </span>
     <span class='ocr_line' id='line_1_22' title="bbox 58 2394 1210 2481; baseline 0.001 -17"><span class='ocrx_word' id='word_1_196' title='bbox 58 2399 179 2464; x_wconf 88' lang='lat' dir='ltr'><strong>uallum</strong></span> <span class='ocrx_word' id='word_1_197' title='bbox 210 2397 362 2464; x_wconf 88' lang='lat' dir='ltr'><strong>incidisse</strong></span> <span class='ocrx_word' id='word_1_198' title='bbox 385 2399 455 2480; x_wconf 89' lang='lat' dir='ltr'><strong>quis</strong></span> <span class='ocrx_word' id='word_1_199' title='bbox 481 2405 529 2465; x_wconf 88' lang='lat' dir='ltr'><strong>est</strong></span> <span class='ocrx_word' id='word_1_200' title='bbox 551 2398 605 2480; x_wconf 93' lang='lat' dir='ltr'><strong>qui</strong></span> <span class='ocrx_word' id='word_1_201' title='bbox 627 2395 761 2463; x_wconf 79' lang='lat' dir='ltr'><strong>credat?</strong></span> <span class='ocrx_word' id='word_1_202' title='bbox 795 2394 854 2460; x_wconf 80' lang='lat' dir='ltr'><strong>uui</strong></span> <span class='ocrx_word' id='word_1_203' title='bbox 877 2397 1005 2480; x_wconf 89' lang='lat' dir='ltr'><strong>placeat</strong></span> <span class='ocrx_word' id='word_1_204' title='bbox 1028 2396 1060 2462; x_wconf 92' lang='lat' dir='ltr'><strong>id</strong></span> <span class='ocrx_word' id='word_1_205' title='bbox 1083 2398 1169 2481; x_wconf 90' lang='lat' dir='ltr'><strong>quod</strong></span> <span class='ocrx_word' id='word_1_206' title='bbox 1192 2420 1210 2466; x_wconf 93' lang='lat' dir='ltr'><strong>e</strong></span> 
     </span>
     <span class='ocr_line' id='line_1_23' title="bbox 58 2497 1209 2583; baseline 0 -17"><span class='ocrx_word' id='word_1_207' title='bbox 58 2497 362 2583; x_wconf 84' lang='lat' dir='ltr'><strong>Schweighaeuseri</strong></span> <span class='ocrx_word' id='word_1_208' title='bbox 378 2501 536 2566; x_wconf 87' lang='lat' dir='ltr'><strong>sententia</strong></span> <span class='ocrx_word' id='word_1_209' title='bbox 551 2497 806 2565; x_wconf 85' lang='lat' dir='ltr'><strong>concludendum</strong></span> <span class='ocrx_word' id='word_1_210' title='bbox 819 2503 912 2580; x_wconf 87' lang='lat' dir='ltr'><strong>esset,</strong></span> <span class='ocrx_word' id='word_1_211' title='bbox 928 2499 1099 2565; x_wconf 87' lang='lat' dir='ltr'><strong>Aelianum</strong></span> <span class='ocrx_word' id='word_1_212' title='bbox 1110 2499 1209 2567; x_wconf 87' lang='lat' dir='ltr'><strong>Athe-</strong></span> 
     </span>
     <span class='ocr_line' id='line_1_24' title="bbox 59 2598 1210 2687; baseline 0.002 -20"><span class='ocrx_word' id='word_1_213' title='bbox 59 2602 134 2667; x_wconf 90' lang='lat' dir='ltr'><strong>naei</strong></span> <span class='ocrx_word' id='word_1_214' title='bbox 149 2602 249 2667; x_wconf 91' lang='lat' dir='ltr'><strong>libros</strong></span> <span class='ocrx_word' id='word_1_215' title='bbox 266 2601 357 2683; x_wconf 90' lang='lat' dir='ltr'><strong>quasi</strong></span> <span class='ocrx_word' id='word_1_216' title='bbox 373 2602 494 2667; x_wconf 86' lang='lat' dir='ltr'><strong>recenti</strong></span> <span class='ocrx_word' id='word_1_217' title='bbox 508 2606 685 2667; x_wconf 89' lang='lat' dir='ltr'><strong>atramento</strong></span> <span class='ocrx_word' id='word_1_218' title='bbox 701 2598 851 2666; x_wconf 89' lang='lat' dir='ltr'><strong>humidos</strong></span> <span class='ocrx_word' id='word_1_219' title='bbox 867 2600 1102 2684; x_wconf 81' lang='lat' dir='ltr'><strong>exscripsisse?</strong></span> <span class='ocrx_word' id='word_1_220' title='bbox 1124 2603 1210 2687; x_wconf 84' lang='lat' dir='ltr'><strong>Ergo</strong></span> 
     </span>
     <span class='ocr_line' id='line_1_25' title="bbox 59 2701 1214 2792; baseline 0.003 -24"><span class='ocrx_word' id='word_1_221' title='bbox 59 2704 88 2770; x_wconf 93' lang='lat' dir='ltr'><strong>is</strong></span> <span class='ocrx_word' id='word_1_222' title='bbox 118 2703 276 2792; x_wconf 61' lang='lat' dir='ltr'><strong>Ulpianus</strong></span> <span class='ocrx_word' id='word_1_223' title='bbox 305 2703 359 2784; x_wconf 89' lang='lat' dir='ltr'><strong>qui</strong></span> <span class='ocrx_word' id='word_1_224' title='bbox 388 2703 421 2767; x_wconf 94' lang='lat' dir='ltr'><strong>in</strong></span> <span class='ocrx_word' id='word_1_225' title='bbox 450 2723 581 2770; x_wconf 93' lang='lat' dir='ltr'><strong>numero</strong></span> <span class='ocrx_word' id='word_1_226' title='bbox 612 2702 818 2768; x_wconf 88' lang='lat' dir='ltr'><strong>conuiuarum</strong></span> <span class='ocrx_word' id='word_1_227' title='bbox 848 2701 1012 2768; x_wconf 92' lang='lat' dir='ltr'><strong>doctorum</strong></span> <span class='ocrx_word' id='word_1_228' title='bbox 1040 2703 1138 2771; x_wconf 88' lang='lat' dir='ltr'><strong>fuisse</strong></span> <span class='ocrx_word' id='word_1_229' title='bbox 1168 2706 1214 2772; x_wconf 87' lang='lat' dir='ltr'><strong>ab</strong></span> 
     </span>
     <span class='ocr_line' id='line_1_26' title="bbox 60 2796 1283 2888; baseline -0.001 -17"><span class='ocrx_word' id='word_1_230' title='bbox 60 2804 228 2871; x_wconf 87' lang='lat' dir='ltr'><strong>Athenaeo</strong></span> <span class='ocrx_word' id='word_1_231' title='bbox 250 2804 379 2888; x_wconf 83' lang='lat' dir='ltr'><strong>fingitur</strong></span> <span class='ocrx_word' id='word_1_232' title='bbox 401 2825 421 2870; x_wconf 89' lang='lat' dir='ltr'><strong>a</strong></span> <span class='ocrx_word' id='word_1_233' title='bbox 443 2805 666 2872; x_wconf 87' lang='lat' dir='ltr'><strong>iurisconsulto</strong></span> <span class='ocrx_word' id='word_1_234' title='bbox 689 2804 745 2869; x_wconf 95' lang='lat' dir='ltr'><strong>illo</strong></span> <span class='ocrx_word' id='word_1_235' title='bbox 769 2803 915 2871; x_wconf 89' lang='lat' dir='ltr'><strong>diuersus</strong></span> <span class='ocrx_word' id='word_1_236' title='bbox 939 2811 994 2871; x_wconf 89' lang='lat' dir='ltr'><strong>est.</strong></span> <span class='ocrx_word' id='word_1_237' title='bbox 1279 2796 1283 2879; x_wconf 72' lang='lat' dir='ltr'>J</span> 
     </span>
     <span class='ocr_line' id='line_1_27' title="bbox 82 2890 1281 2991; baseline 0.004 -20"><span class='ocrx_word' id='word_1_238' title='bbox 82 2967 85 2971; x_wconf 84' lang='lat'>.</span> <span class='ocrx_word' id='word_1_239' title='bbox 144 2908 188 2972; x_wconf 91' lang='lat' dir='ltr'><strong>At</strong></span> <span class='ocrx_word' id='word_1_240' title='bbox 209 2927 249 2973; x_wconf 93' lang='lat' dir='ltr'><strong>ne</strong></span> <span class='ocrx_word' id='word_1_241' title='bbox 272 2909 340 2974; x_wconf 91' lang='lat' dir='ltr'><strong>solo</strong></span> <span class='ocrx_word' id='word_1_242' title='bbox 365 2906 505 2991; x_wconf 84' lang='lat' dir='ltr'><strong>negandi</strong></span> <span class='ocrx_word' id='word_1_243' title='bbox 528 2925 659 2973; x_wconf 89' lang='lat' dir='ltr'><strong>munere</strong></span> <span class='ocrx_word' id='word_1_244' title='bbox 681 2906 770 2989; x_wconf 83' lang='lat' dir='ltr'><strong>fungi</strong></span> <span class='ocrx_word' id='word_1_245' title='bbox 786 2906 908 2988; x_wconf 89' lang='lat' dir='ltr'><strong>uidear,</strong></span> <span class='ocrx_word' id='word_1_246' title='bbox 932 2904 993 2972; x_wconf 90' lang='lat' dir='ltr'><strong>hae</strong></span> <span class='ocrx_word' id='word_1_247' title='bbox 1009 2913 1104 2974; x_wconf 89' lang='lat' dir='ltr'><strong>notae</strong></span> <span class='ocrx_word' id='word_1_248' title='bbox 1120 2911 1208 2976; x_wconf 87' lang='lat' dir='ltr'><strong>solae</strong></span> <span class='ocrx_word' id='word_1_249' title='bbox 1279 2890 1281 2913; x_wconf 70' lang='lat'><strong>¹</strong></span> 
     </span>
     <span class='ocr_line' id='line_1_28' title="bbox 57 3007 1255 3093; baseline -0.005 -18"><span class='ocrx_word' id='word_1_250' title='bbox 57 3008 103 3075; x_wconf 90' lang='lat' dir='ltr'><strong>ad</strong></span> <span class='ocrx_word' id='word_1_251' title='bbox 131 3015 277 3092; x_wconf 85' lang='lat' dir='ltr'><strong>tempora</strong></span> <span class='ocrx_word' id='word_1_252' title='bbox 305 3008 465 3076; x_wconf 88' lang='lat' dir='ltr'><strong>Athenaei</strong></span> <span class='ocrx_word' id='word_1_253' title='bbox 492 3007 706 3093; x_wconf 85' lang='lat' dir='ltr'><strong>computanda</strong></span> <span class='ocrx_word' id='word_1_254' title='bbox 732 3008 855 3073; x_wconf 87' lang='lat' dir='ltr'><strong>ualent:</strong></span> <span class='ocrx_word' id='word_1_255' title='bbox 885 3011 1064 3092; x_wconf 88' lang='lat' dir='ltr'><strong>composuit</strong></span> <span class='ocrx_word' id='word_1_256' title='bbox 1093 3011 1208 3076; x_wconf 92' lang='lat' dir='ltr'><strong>librum</strong></span> <span class='ocrx_word' id='word_1_257' title='bbox 1252 3052 1255 3069; x_wconf 72' lang='grc'><strong>,</strong></span> 
     </span>
    </p>
   </div>
   <div class='ocr_carea' id='block_1_3' title="bbox 49 3108 1338 3205">
    <p class='ocr_par' dir='ltr' id='par_1_3' title="bbox 49 3108 1338 3205">
     <span class='ocr_line' id='line_1_29' title="bbox 49 3108 1338 3205; baseline -0.006 -24"><span class='ocrx_word' id='word_1_258' title='bbox 49 3108 350 3199; x_wconf 21' lang='lat' dir='ltr'><strong>&#39;post-Oppianum,</strong></span> <span class='ocrx_word' id='word_1_259' title='bbox 373 3113 472 3178; x_wconf 88' lang='lat' dir='ltr'><strong>Marci</strong></span> <span class='ocrx_word' id='word_1_260' title='bbox 495 3111 673 3205; x_wconf 66' lang='lat' dir='ltr'><strong>aequalem</strong></span> <span class='ocrx_word' id='word_1_261' title='bbox 698 3129 791 3191; x_wconf 90' lang='lat' dir='ltr'><strong>quem</strong></span> <span class='ocrx_word' id='word_1_262' title='bbox 815 3111 912 3194; x_wconf 87' lang='lat' dir='ltr'><strong>paulo</strong></span> <span class='ocrx_word' id='word_1_263' title='bbox 927 3117 1000 3176; x_wconf 88' lang='lat' dir='ltr'><strong>ante</strong></span> <span class='ocrx_word' id='word_1_264' title='bbox 1016 3130 1107 3177; x_wconf 89' lang='lat' dir='ltr'><strong>suam</strong></span> <span class='ocrx_word' id='word_1_265' title='bbox 1122 3118 1207 3178; x_wconf 87' lang='lat' dir='ltr'><strong>aeta·</strong></span> <span class='ocrx_word' id='word_1_266' title='bbox 1255 3156 1256 3161; x_wconf 18' lang='grc' dir='ltr'><strong>κ</strong></span> <span class='ocrx_word' id='word_1_267' title='bbox 1294 3132 1338 3175; x_wconf 48' lang='grc' dir='ltr'><strong>γ’</strong></span> 
     </span>
    </p>
   </div>
   <div class='ocr_carea' id='block_1_4' title="bbox 52 3211 1258 3802">
    <p class='ocr_par' dir='ltr' id='par_1_4' title="bbox 52 3211 1258 3802">
     <span class='ocr_line' id='line_1_30' title="bbox 56 3211 1258 3298; baseline -0.001 -20"><span class='ocrx_word' id='word_1_268' title='bbox 56 3218 123 3278; x_wconf 89' lang='lat' dir='ltr'><strong>tem</strong></span> <span class='ocrx_word' id='word_1_269' title='bbox 145 3218 305 3278; x_wconf 89' lang='lat' dir='ltr'><strong>mortuum</strong></span> <span class='ocrx_word' id='word_1_270' title='bbox 328 3232 398 3279; x_wconf 88' lang='lat' dir='ltr'><strong>esse</strong></span> <span class='ocrx_word' id='word_1_271' title='bbox 420 3214 498 3297; x_wconf 88' lang='lat' dir='ltr'><strong>ipse</strong></span> <span class='ocrx_word' id='word_1_272' title='bbox 514 3218 656 3295; x_wconf 88' lang='lat' dir='ltr'><strong>testatur,</strong></span> <span class='ocrx_word' id='word_1_273' title='bbox 672 3218 712 3277; x_wconf 78' lang='lat' dir='ltr'><strong>ct</strong></span> <span class='ocrx_word' id='word_1_274' title='bbox 726 3218 799 3296; x_wconf 86' lang='lat' dir='ltr'><strong>post</strong></span> <span class='ocrx_word' id='word_1_275' title='bbox 815 3231 982 3278; x_wconf 90' lang='lat' dir='ltr'><strong>excessum</strong></span> <span class='ocrx_word' id='word_1_276' title='bbox 998 3211 1165 3278; x_wconf 77' lang='lat' dir='ltr'><strong>Commodi</strong></span> <span class='ocrx_word' id='word_1_277' title='bbox 1175 3218 1207 3298; x_wconf 75' lang='lat'><strong>²),</strong></span> <span class='ocrx_word' id='word_1_278' title='bbox 1256 3242 1258 3247; x_wconf 93' lang='lat'>·</span> 
     </span>
     <span class='ocr_line' id='line_1_31' title="bbox 56 3304 1206 3405; baseline 0.002 -25"><span class='ocrx_word' id='word_1_279' title='bbox 56 3315 78 3380; x_wconf 90' lang='lat' dir='ltr'><strong>i.</strong></span> <span class='ocrx_word' id='word_1_280' title='bbox 97 3333 124 3379; x_wconf 89' lang='lat' dir='ltr'><strong>e.</strong></span> <span class='ocrx_word' id='word_1_281' title='bbox 149 3304 363 3405; x_wconf 24' lang='lat' dir='ltr'><strong>post‘annum</strong></span> <span class='ocrx_word' id='word_1_282' title='bbox 388 3315 552 3401; x_wconf 51' lang='lat' dir='ltr'><strong>itis-sed</strong></span> <span class='ocrx_word' id='word_1_283' title='bbox 580 3320 751 3396; x_wconf 89' lang='lat' dir='ltr'><strong>antequam</strong></span> <span class='ocrx_word' id='word_1_284' title='bbox 781 3313 872 3378; x_wconf 88' lang='lat' dir='ltr'><strong>uaria</strong></span> <span class='ocrx_word' id='word_1_285' title='bbox 893 3314 1021 3397; x_wconf 86' lang='lat' dir='ltr'><strong>scripsit</strong></span> <span class='ocrx_word' id='word_1_286' title='bbox 1042 3313 1206 3399; x_wconf 87' lang='lat' dir='ltr'><strong>Aelianus,</strong></span> 
     </span>
     <span class='ocr_line' id='line_1_32' title="bbox 53 3413 1078 3505; baseline -0.003 -24"><span class='ocrx_word' id='word_1_287' title='bbox 53 3417 113 3500; x_wconf 92' lang='lat' dir='ltr'><strong>qui</strong></span> <span class='ocrx_word' id='word_1_288' title='bbox 137 3422 353 3505; x_wconf 22' lang='lat' dir='ltr'><strong>post&#39;anrnum</strong></span> <span class='ocrx_word' id='word_1_289' title='bbox 374 3418 436 3481; x_wconf 90' lang='grc'><strong>222</strong></span> <span class='ocrx_word' id='word_1_290' title='bbox 460 3418 492 3484; x_wconf 86' lang='lat' dir='ltr'><strong>et</strong></span> <span class='ocrx_word' id='word_1_291' title='bbox 513 3417 677 3500; x_wconf 90' lang='lat' dir='ltr'><strong>aliquanto</strong></span> <span class='ocrx_word' id='word_1_292' title='bbox 699 3421 773 3480; x_wconf 88' lang='lat' dir='ltr'><strong>unte</strong></span> <span class='ocrx_word' id='word_1_293' title='bbox 797 3417 854 3478; x_wconf 88' lang='grc'><strong>231</strong></span> <span class='ocrx_word' id='word_1_294' title='bbox 881 3413 965 3479; x_wconf 90' lang='lat' dir='ltr'><strong>diem</strong></span> <span class='ocrx_word' id='word_1_295' title='bbox 990 3415 1078 3484; x_wconf 91' lang='lat' dir='ltr'><strong>obiit.</strong></span> 
     </span>
     <span class='ocr_line' id='line_1_33' title="bbox 144 3506 1206 3600; baseline 0.002 -16"><span class='ocrx_word' id='word_1_296' title='bbox 144 3506 264 3584; x_wconf 81' lang='lat' dir='ltr'><strong>verum</strong></span> <span class='ocrx_word' id='word_1_297' title='bbox 287 3515 368 3584; x_wconf 87' lang='lat' dir='ltr'><strong>haec</strong></span> <span class='ocrx_word' id='word_1_298' title='bbox 383 3519 474 3600; x_wconf 90' lang='lat' dir='ltr'><strong>quasi</strong></span> <span class='ocrx_word' id='word_1_299' title='bbox 490 3520 572 3583; x_wconf 88' lang='lat' dir='ltr'><strong>ultro</strong></span> <span class='ocrx_word' id='word_1_300' title='bbox 588 3538 623 3584; x_wconf 87' lang='lat' dir='ltr'><strong>so</strong></span> <span class='ocrx_word' id='word_1_301' title='bbox 639 3516 732 3583; x_wconf 83' lang='lat' dir='ltr'><strong>offert</strong></span> <span class='ocrx_word' id='word_1_302' title='bbox 748 3516 924 3582; x_wconf 87' lang='lat' dir='ltr'><strong>conclusio:</strong></span> <span class='ocrx_word' id='word_1_303' title='bbox 947 3513 1107 3582; x_wconf 91' lang='lat' dir='ltr'><strong>Athenaei</strong></span> <span class='ocrx_word' id='word_1_304' title='bbox 1123 3517 1206 3586; x_wconf 89' lang='lat' dir='ltr'><strong>flori-</strong></span> 
     </span>
     <span class='ocr_line' id='line_1_34' title="bbox 52 3614 1206 3704; baseline 0.001 -19"><span class='ocrx_word' id='word_1_305' title='bbox 52 3621 179 3704; x_wconf 83' lang='lat' dir='ltr'><strong>legium</strong></span> <span class='ocrx_word' id='word_1_306' title='bbox 208 3618 237 3685; x_wconf 92' lang='lat' dir='ltr'><strong>si</strong></span> <span class='ocrx_word' id='word_1_307' title='bbox 264 3637 301 3684; x_wconf 91' lang='lat' dir='ltr'><strong>eo</strong></span> <span class='ocrx_word' id='word_1_308' title='bbox 324 3624 468 3703; x_wconf 87' lang='lat' dir='ltr'><strong>tempore</strong></span> <span class='ocrx_word' id='word_1_309' title='bbox 491 3639 553 3701; x_wconf 90' lang='lat' dir='ltr'><strong>quo</strong></span> <span class='ocrx_word' id='word_1_310' title='bbox 576 3620 729 3684; x_wconf 91' lang='lat' dir='ltr'><strong>Aelianus</strong></span> <span class='ocrx_word' id='word_1_311' title='bbox 753 3619 784 3681; x_wconf 95' lang='lat' dir='ltr'><strong>in</strong></span> <span class='ocrx_word' id='word_1_312' title='bbox 807 3618 897 3682; x_wconf 89' lang='lat' dir='ltr'><strong>uaria</strong></span> <span class='ocrx_word' id='word_1_313' title='bbox 920 3614 1053 3682; x_wconf 91' lang='lat' dir='ltr'><strong>historia</strong></span> <span class='ocrx_word' id='word_1_314' title='bbox 1076 3639 1206 3703; x_wconf 91' lang='lat' dir='ltr'><strong>operam</strong></span> 
     </span>
     <span class='ocr_line' id='line_1_35' title="bbox 52 3719 1205 3802; baseline 0.001 -14"><span class='ocrx_word' id='word_1_315' title='bbox 52 3719 240 3788; x_wconf 87' lang='lat' dir='ltr'><strong>collocabat</strong></span> <span class='ocrx_word' id='word_1_316' title='bbox 267 3739 379 3786; x_wconf 88' lang='lat' dir='ltr'><strong>recens</strong></span> <span class='ocrx_word' id='word_1_317' title='bbox 402 3719 523 3786; x_wconf 89' lang='lat' dir='ltr'><strong>editum</strong></span> <span class='ocrx_word' id='word_1_318' title='bbox 546 3721 671 3802; x_wconf 87' lang='lat' dir='ltr'><strong>fuisset,</strong></span> <span class='ocrx_word' id='word_1_319' title='bbox 701 3720 742 3784; x_wconf 91' lang='lat' dir='ltr'><strong>ab</strong></span> <span class='ocrx_word' id='word_1_320' title='bbox 767 3719 826 3785; x_wconf 90' lang='lat' dir='ltr'><strong>hoc</strong></span> <span class='ocrx_word' id='word_1_321' title='bbox 849 3724 933 3784; x_wconf 89' lang='lat' dir='ltr'><strong>certe</strong></span> <span class='ocrx_word' id='word_1_322' title='bbox 958 3739 1020 3783; x_wconf 95' lang='lat' dir='ltr'><strong>non</strong></span> <span class='ocrx_word' id='word_1_323' title='bbox 1045 3729 1128 3788; x_wconf 90' lang='lat' dir='ltr'><strong>esset</strong></span> <span class='ocrx_word' id='word_1_324' title='bbox 1152 3742 1205 3788; x_wconf 89' lang='lat' dir='ltr'><strong>ex·</strong></span> 
     </span>
    </p>
   </div>
   <div class='ocr_carea' id='block_1_5' title="bbox 144 3933 933 4004">
    <p class='ocr_par' dir='ltr' id='par_1_5' title="bbox 144 3933 933 4004">
     <span class='ocr_line' id='line_1_36' title="bbox 144 3933 933 4004; baseline -0.003 -14"><span class='ocrx_word' id='word_1_325' title='bbox 144 3942 166 4002; x_wconf 81' lang='lat' dir='ltr'><strong>t)</strong></span> <span class='ocrx_word' id='word_1_326' title='bbox 187 3935 287 3989; x_wconf 86' lang='lat' dir='ltr'><strong>Athen.</strong></span> <span class='ocrx_word' id='word_1_327' title='bbox 306 3934 370 3990; x_wconf 86' lang='lat' dir='ltr'><strong>XIV</strong></span> <span class='ocrx_word' id='word_1_328' title='bbox 387 3951 413 4004; x_wconf 90' lang='lat' dir='ltr'><strong>p.</strong></span> <span class='ocrx_word' id='word_1_329' title='bbox 430 3939 479 3991; x_wconf 88' lang='grc'><strong>649</strong></span> <span class='ocrx_word' id='word_1_330' title='bbox 487 3939 511 3991; x_wconf 93' lang='lat' dir='ltr'><strong>b.</strong></span> <span class='ocrx_word' id='word_1_331' title='bbox 584 3941 608 4001; x_wconf 88' lang='grc'><strong>2)</strong></span> <span class='ocrx_word' id='word_1_332' title='bbox 627 3935 725 3989; x_wconf 88' lang='lat' dir='ltr'><strong>Athen.</strong></span> <span class='ocrx_word' id='word_1_333' title='bbox 745 3934 798 3987; x_wconf 85' lang='lat' dir='ltr'><strong>XII</strong></span> <span class='ocrx_word' id='word_1_334' title='bbox 817 3951 842 4004; x_wconf 93' lang='lat' dir='ltr'><strong>p.</strong></span> <span class='ocrx_word' id='word_1_335' title='bbox 859 3938 906 3988; x_wconf 73' lang='lat'><strong>537</strong></span> <span class='ocrx_word' id='word_1_336' title='bbox 914 3933 933 3988; x_wconf 90' lang='lat' dir='ltr'><strong>f.</strong></span> 
     </span>
    </p>
   </div>
   <div class='ocr_carea' id='block_1_6' title="bbox 0 0 1362 4500">
    <p class='ocr_par' dir='ltr' id='par_1_6' title="bbox 0 0 1362 4500">
     <span class='ocr_line' id='line_1_37' title="bbox 0 0 1362 4500; baseline 0 2"><span class='ocrx_word' id='word_1_337' title='bbox 0 0 1362 4500; x_wconf 95' lang='lat' dir='ltr'><strong> </strong></span> 
     </span>
    </p>
   </div>
  </div>
 </body>
</html>
