2714 4500
132 234 175 289 De
193 234 317 290 lontibus
330 236 427 305 quibus
440 236 569 291 Aelianus
586 236 614 291 iu
633 236 710 290 uaria
721 235 835 290 historia
847 237 1032 305 componenda
1045 251 1110 291 usus
1123 237 1167 291 sit.
1198 238 1259 296 113

105 407 273 474 diuersum
293 411 326 475 in
341 409 471 476 modum
487 410 715 493 composuisse,
737 408 905 474 Platonem
928 415 1035 475 autem
1058 409 1090 472 in
1112 409 1194 475 libro
1218 409 1259 476 de

105 510 219 575 anima
241 512 385 578 conlecto
409 511 450 575 de
472 510 687 593 Xenophonte
710 510 854 576 consulto
879 511 1029 592 reticere3
1059 509 1195 575 eundem
1225 512 1259 576 in

107 612 221 695 legum
236 614 331 678 tertio
347 612 455 678 dicere
470 611 598 695 Cyrum,
623 630 817 693 quamquam
838 612 940 677 bonus
956 611 1022 675 dux
1038 617 1131 693 esset,
1155 611 1260 678 bonae

108 713 319 779 institutionis
342 719 508 796 expertem
529 713 644 795 fuisse;
674 732 736 794 quo
758 712 878 778 iudicio
900 711 1125 797 Xenophontis
1148 710 1260 794 Κύρου

107 810 272 878 παιδείαν
293 815 474 899 perstringi.
512 815 594 878 Tum
617 813 718 879 fusius
741 815 926 896 exponitur,
951 833 1046 896 quam
1069 812 1183 880 odiosa
1204 814 1260 879 ob·

107 915 300 981 tractatione
315 917 411 982 Plato
431 916 526 981 luerit
548 916 580 980 in
599 914 775 979 Homerum
797 915 942 996 aliosque
965 922 1087 999 poetas,
1109 917 1143 982 in
1158 913 1260 980 Thra·

108 1015 300 1098 symachum
329 1017 598 1099 Chalcedonium,
628 1016 798 1100 Hippiam,
827 1015 995 1100 Gorgiam,
1023 1015 1259 1099 Parmenidem,

108 1117 146 1180 in
174 1116 432 1184 Phanosthenem
459 1117 630 1200 Andrium,
659 1117 892 1201 Apollodorum
921 1117 1129 1201 Cyzicenum,
1159 1118 1259 1183 Hera·

109 1217 230 1283 elidem
253 1219 507 1300 Clazomenium,
537 1220 570 1283 in
593 1217 858 1302 Themistoclem,
888 1220 1060 1302 Periclem,
1084 1218 1260 1302 Cimonem,

109 1320 203 1385 alios.
241 1321 474 1403 Interiectoque
491 1320 601 1402 iniquo
617 1319 658 1386 de
672 1321 839 1404 republica
861 1327 892 1386 ct
915 1320 955 1386 de
977 1321 1103 1404 legibus
1119 1320 1260 1386 Platoni·

110 1422 158 1486 cis
181 1421 300 1488 iudicio
323 1429 361 1498 (o.
375 1424 447 1496 117)
470 1421 582 1486 transit
596 1419 640 1486 ad
655 1421 809 1487 inuidiam
833 1428 865 1488 et
887 1421 1070 1504 superbiam
1087 1421 1259 1505 Euphraei,

110 1522 263 1608 Callippi,
286 1523 458 1607 Euagonis,
481 1523 629 1604 Timolai,
653 1521 838 1606 Chaeronis,
861 1523 1091 1606 discipulorum
1106 1523 1260 1588 Platonis

109 1624 260 1707 Denique
282 1625 341 1690 sub
363 1624 458 1690 linem
480 1625 523 1707 (p.
541 1624 641 1700 cosa)
670 1623 750 1690 haee
775 1626 938 1709 leguntur:
972 1625 1120 1688 τοιοῦτοι
1143 1613 1174 1685 δ’
1195 1619 1261 1687 εἰσὶ

109 1725 166 1788 καί
198 1727 264 1789 νῦν
292 1727 370 1790 τῶν
398 1717 713 1812 Ἀκαδημιακῶν
743 1748 845 1804 τινες,
878 1717 1021 1800 ἀνοσίως
1047 1726 1103 1789 καὶ
1133 1716 1261 1800 ἀδόξως

109 1828 270 1908 βιοῦντες.
301 1824 478 1912 χρημάτων
499 1823 562 1910 γὰρ
586 1823 622 1902 ἐξ
643 1819 798 1909 ἀσεβείας
820 1829 875 1892 καὶ
898 1823 992 1912 παρὰ
1016 1825 1118 1913 φύσιν
1132 1824 1261 1911 κυριεύ-

111 1949 230 2002 σαντες
252 1925 307 1992 dede
328 1933 482 2014 γοητείαν
506 1930 573 1993 νῦν
597 1927 662 1993 είσι
685 1929 914 2014 περίβλεπτοι.
959 1929 1022 2008 Qui
1050 1930 1261 1996 haecomnia

110 2032 291 2116 composuit
313 2066 355 2077 -
376 2049 480 2113 neque
503 2030 545 2096 de
565 2029 733 2097 Athenaeo
755 2033 826 2114 ipso
848 2034 914 2098 ullo
936 2031 1032 2098 modo
1055 2031 1261 2115 cogitandum

111 2139 162 2199 est
183 2168 234 2213 -,
262 2135 313 2198 uir
334 2125 394 2198 luit
415 2134 447 2196 in
471 2133 609 2214 dialogis
631 2133 700 2196 eius
722 2130 908 2217 philosophi
930 2152 1131 2216 summopere
1153 2152 1260 2198 uersa-

111 2237 180 2312 tus,
195 2233 222 2297 si
239 2233 368 2314 quidem
383 2234 404 2297 l.
421 2235 441 2297 l.
458 2232 617 2298 Athenaei
632 2239 825 2316 prouocatur
839 2233 882 2298 ad
896 2235 996 2315 leges,
1019 2233 1260 2316 rempublicam,

109 2333 238 2416 Ionem,
267 2334 452 2418 Menonem,
474 2333 726 2417 Euthydemum,
756 2334 951 2415 conuiuium,
975 2332 1156 2415 Cimonem,
1181 2332 1261 2398 Cor-

111 2436 215 2518 giam,
238 2435 419 2518 Timaeum,
441 2436 671 2517 Menexenum;
700 2434 788 2499 idem
811 2434 937 2499 uidetur
958 2433 1155 2499 Academiae
1176 2433 1261 2500 redi·

112 2537 207 2601 uiuae
229 2536 376 2603 addictus
398 2538 513 2621 fuisse3
543 2536 629 2603 idem
652 2557 690 2603 eo
713 2536 846 2602 consilio
876 2535 996 2618 scripta
1017 2535 1161 2602 Platonis
1188 2555 1260 2619 per-

112 2638 293 2721 uestigauit,
316 2645 351 2703 ut
366 2640 515 2723 exempla
538 2635 740 2725 ζηλοτυπίας
761 2636 836 2702 inde
858 2636 959 2720 petita
981 2636 1013 2699 in
1036 2655 1133 2701 unum
1153 2638 1261 2702 locum

112 2746 306 2822 congereret.

195 2842 265 2906 Iam
286 2861 362 2906 uero
385 2841 425 2906 ad
449 2860 561 2907 uocem
584 2841 770 2922 omnigenae
794 2838 946 2905 historiae
971 2835 1173 2925 ζηλοτυπίαν
1195 2858 1260 2904 me·

111 2943 252 3025 mineris,
275 2962 405 3026 quaeso,
428 2943 522 3009 nobis
544 2962 641 3026 supra
662 2940 879 3008 reuocandum
901 2941 999 3007 fuisse
1014 2941 1085 3006 Ael.
1102 2960 1132 3005 u.
1147 2937 1180 3003 h.
1196 2940 1260 3004 XII

113 3049 208 3126 eaput
225 3045 279 3128 16,
309 3044 395 3126 quod
418 3045 464 3110 sio
486 3044 614 3128 incipit:
645 3042 773 3128 λέγεται
795 3034 1011 3126 Ἀλέξανδρος
1038 3034 1055 3104 ὁ
1082 3039 1260 3105 Φιλίππου

114 3141 435 3230 ζηλοτυπιότατα
458 3142 545 3230 πρὸς
566 3141 643 3220 τοὺς
666 3141 819 3226 ἑταίρους
839 3141 1048 3226 διατεθῆναι,
1073 3149 1104 3207 et
1125 3142 1180 3207 uhi
1202 3160 1262 3206 rex

113 3247 154 3311 ob
169 3247 324 3312 inuidiam
339 3249 373 3312 in
386 3247 585 3329 Perdiccam,
601 3244 838 3329 Lysimachum,
861 3243 1040 3325 Seleucum,
1055 3244 1260 3326 Antigonum,

112 3348 324 3433 Antipatrum,
348 3350 577 3431 Ptolemaeum,
594 3347 775 3428 Tarrhium,
796 3344 965 3410 Pithonem
981 3346 1130 3429 carpitur.
1162 3344 1261 3409 Vide-

112 3468 181 3515 mus
208 3450 306 3533 igitur
327 3450 496 3532 utrobique
519 3449 664 3515 eiusdem
686 3449 733 3512 rei
756 3447 906 3529 exempla
931 3446 986 3510 uia
1007 3451 1039 3510 et
1059 3447 1183 3512 ratione
1206 3465 1261 3511 ex·

112 3557 223 3635 cerpta
244 3571 285 3616 ex
308 3551 444 3618 diuersis
466 3553 615 3634 fontibus,
637 3551 739 3615 altera
761 3567 803 3613 ex
822 3547 968 3630 Platone,
990 3548 1093 3613 altera
1115 3567 1156 3612 ex
1176 3547 1260 3613 libro

113 3652 252 3735 quodam
275 3653 315 3720 de
337 3653 432 3719 rebus
453 3651 632 3718 Alexandri
654 3649 840 3734 composito.
878 3650 937 3732 lin,
962 3648 1066 3714 denuo
1090 3669 1131 3714 ex
1153 3648 1260 3714 uerbis

112 3752 271 3819 Athenaei
292 3755 447 3839 prospicit
469 3754 567 3820 facies
582 3752 744 3833 Fauorini,
767 3750 955 3817 Academici
976 3751 1063 3816 illius
1087 3756 1118 3816 et
1139 3751 1260 3816 lexico·

113 3850 237 3938 graphi.
273 3856 456 3922 Hauserunt
477 3874 535 3920 sua
557 3860 590 3920 et
609 3853 763 3918 Aelianus
786 3859 818 3917 et
838 3850 1024 3918 Athenaeus
1047 3871 1089 3917 ex
1109 3853 1259 3919 lemmate

114 3957 301 4038 omnigenae
324 3956 477 4021 historiae
499 3974 578 4022 uoce
602 3951 785 4039 ζηλοτυπία
807 3959 925 4021 notato.

163 4061 280 4113 Leipziger
292 4063 393 4105 Studien.
414 4062 460 4105 VII.
1041 4057 1056 4106 8
