2714 4500
139 239 175 294 De
189 239 309 294 lontibus
323 239 420 310 quibus
432 240 562 296 Aelianus
579 241 608 294 in
627 242 705 296 uaria
716 241 830 297 historia
842 242 1028 310 componenda
1039 259 1105 298 usus
1118 245 1161 300 sit.
1188 245 1247 305 111

116 413 349 481 construendam
363 413 526 480 adhibitos
539 434 619 494 esse,
636 413 885 499 exspectandum
904 422 961 497 est,
977 421 1011 480 ut
1026 415 1148 500 eadem,
1166 434 1249 499 quae

115 515 222 581 inillis
245 516 564 583 commentationibus
585 516 775 598 Homericis,
798 517 831 581 in
854 513 916 583 hac
937 536 1064 600 quoque
1087 517 1248 585 insuerint.

113 617 149 682 At
161 615 237 700 quid
251 617 377 683 multa?
408 616 603 684 Abundahat
622 618 791 702 omnigena
814 618 948 685 historia
971 617 1128 684 eiusmodi
1151 639 1246 701 quae-

114 719 259 786 stionibus
280 718 374 802 adeo,
396 726 431 785 ut
453 720 494 786 ob
516 720 575 787 has
597 722 796 805 potissimum
819 720 943 786 Gellius
962 719 1084 802 XIV‚6
1107 739 1178 786 eam
1202 723 1248 786 in·

112 821 254 887 salsitatis
276 828 432 905 argueret.
1132 883 1134 886 .

186 924 255 988 Iam
277 942 354 989 uero
377 923 420 989 ad
441 922 525 989 hano
546 925 644 989 lexici
666 924 873 989 Fauoriniani
901 923 1073 1006 imaginem
1096 926 1129 988 et
1150 923 1249 989 Gellii

112 1024 284 1091 testimonio
303 1029 335 1091 et
349 1026 543 1106 cogitatione
557 1044 631 1090 mea
652 1024 790 1091 effictam
811 1025 957 1108 proximo
979 1024 1136 1090 accedunt
1150 1024 1248 1090 Athe·

110 1127 176 1192 naei
197 1127 249 1192 l.l
270 1127 379 1211 capitu
395 1129 529 1210 15-23,
552 1128 607 1192 ubi
628 1127 729 1192 multa
750 1127 901 1210 exempla
922 1126 1115 1209 frugalitatis
1130 1125 1248 1191 Homo·

111 1228 188 1294 ricae
211 1227 377 1293 hahentur.
414 1229 527 1311 Neque
550 1229 704 1312 temporis
725 1229 807 1294 ratio
830 1229 944 1311 obstat,
966 1228 995 1293 si
1018 1226 1148 1310 quidem
1164 1227 1248 1311 Apio

112 1335 138 1394 et
157 1329 251 1412 Iuba,
280 1331 402 1396 Tiberii
424 1330 571 1396 Caesaris
593 1330 762 1412 aequales,
791 1330 824 1394 in
852 1329 905 1394 l.I
933 1349 978 1395 oo.
995 1331 1035 1392 26
1057 1331 1150 1394 ο129
1180 1331 1248 1394 lau·

110 1429 226 1497 dantur.
265 1430 350 1509 Quid
367 1431 452 1514 quod
475 1432 610 1498 frustula
632 1432 822 1514 omnigenae
845 1429 998 1496 historiae
1020 1430 1054 1495 in
1075 1428 1141 1496 hac*
1157 1437 1249 1513 parte

111 1529 393 1618 δειπνοσοφιστῶν
408 1533 616 1617 reperiuntur.
651 1531 746 1610 Quod
761 1532 846 1598 onim
861 1532 1039 1598 Fauorinus
1061 1533 1094 1597 in
1117 1553 1156 1598 ea
1177 1553 1249 1597 nar·

110 1635 185 1700 rauit
206 1635 272 1711 (Di.
284 1635 340 1699 La.
353 1634 390 1717 V,
403 1637 444 1717 9),
466 1634 673 1701 Aristotelem
687 1633 824 1700 Athenis
839 1634 1013 1717 fugientem
1034 1633 1076 1699 de
1098 1633 1248 1699 delatori·

109 1735 161 1802 bus
183 1736 306 1802 dixisse
332 1728 442 1821 ίύγγνη
465 1726 522 1799 ἐπ’
542 1727 637 1819 ύγχνῃ
666 1731 837 1821 γηράσκει,
868 1736 965 1799 σῦκον
988 1727 1020 1798 d'
1047 1732 1104 1800 ἐπὶ
1133 1726 1248 1819 odoros,

108 1836 188 1902 idem
216 1857 327 1903 uersus
354 1857 395 1903 ex
418 1836 534 1920 Odyss.
550 1837 626 1919 VII,
641 1839 701 1901 120
723 1843 755 1904 et
772 1840 830 1901 121
856 1838 1089 1904 contaminatus
1118 1837 1250 1903 affertur

108 1940 220 2021 partim
246 1939 279 2004 in
301 1938 407 2003 Athl
434 1959 465 2022 p.
482 1941 528 2005 9e
552 1945 584 2004 et
605 1944 689 2006 totus
711 1961 743 2024 p.
760 1940 832 2003 241.
863 1974 905 1985 -
933 1939 1033 2005 Porro
1062 1940 1096 2005 in
1117 1960 1148 2024 p.
1168 1943 1248 2022 10a,

106 2038 237 2107 Nestore
260 2040 304 2106 ad
318 2039 504 2106 Machaonio
526 2042 661 2107 uulnera
682 2041 825 2107 sananda
846 2042 955 2106 uinum
978 2040 1164 2108 adhibuisse
1186 2048 1248 2108 tra·

108 2139 179 2224 dito,
197 2142 382 2227 explicandi
398 2143 502 2225 gratia
516 2141 597 2208 hacc
611 2142 834 2208 subsecuntur:
857 2142 914 2205 καὶ
927 2144 1045 2205 τοῦτον
1056 2140 1249 2226 Πράμνειον

106 2238 140 2306 ὃν
155 2241 249 2325 >ι’(λμεν
270 2239 377 2322 παχύν
399 2243 454 2307 καὶ
477 2240 701 2329 πολύτροφον.
738 2244 807 2307 Iam
831 2249 958 2309 exstant
980 2245 1013 2309 in
1034 2244 1149 2309 Fauor.
1165 2265 1248 2311 omn.

106 2341 174 2411 hist.
191 2365 215 2412 s.
228 2362 258 2409 u.
275 2341 382 2430 τρυφὴ
405 2345 493 2429 apud
507 2346 577 2412 nel.
593 2363 623 2410 u.
640 2344 671 2410 h.
687 2346 761 2427 XII,
773 2348 809 2408 31
827 2336 942 2410 uerba}
966 2341 1158 2426 Πράμνειόν
1172 2369 1249 2410 τινα

107 2441 251 2525 ἐκάλουν,
276 2442 365 2531 ἱερὸς
389 2444 424 2510 δὲ
446 2431 485 2532 ἦν
510 2440 574 2531 άρα
597 2439 692 2521 οὗτος
713 2448 772 2530 τῆς
792 2443 980 2531 Δήμητρος.

659 2637 688 2699 2.

105 2747 211 2835 Steph.
227 2751 305 2834 Byr.
688 2752 738 2816 De
760 2749 923 2833 leporibus
946 2768 1017 2815 oum
1032 2755 1146 2832 agatur
1160 2750 1248 2833 apud

686 2852 889 2918 Athenaeum
921 2849 996 2916 inde
1025 2872 1045 2916 a
1073 2853 1094 2915 l.
1116 2852 1164 2916 IX
1196 2873 1247 2918 ca-

685 2955 753 3039 pite
770 2957 820 3037 61,
844 2954 876 3018 in
900 2974 926 3019 ο.
943 2953 983 3016 63
1005 2974 1036 3036 p.
1054 2956 1145 3018 lilla
1167 2953 1248 3021 haeo
1343 2967 1346 2974 '

688 3061 830 3122 exstant:

102 3175 182 3222 su:
207 3149 659 3242 ΧελιδόνιοιὲθνοςἸλλυρι-
686 3156 876 3221 Καλυῦνται
901 3153 937 3218 δέ
959 3177 1046 3230 τινες
1069 3155 1123 3219 καὶ
1145 3156 1248 3222 Χελι-

102 3253 156 3320 κόν
170 3291 212 3303 -
234 3254 301 3320 εἰσὶ
315 3258 369 3322 καλ
386 3257 583 3325 Χελιδονίαι
597 3262 659 3323 πί·
687 3257 798 3324 ὄυνίαι
820 3257 954 3341 λαγωοί.
992 3255 1189 3342 μνημονεύει
1212 3258 1249 3326 δὲ

101 3381 186 3443 τραι,
203 3351 249 3424 ὦν
261 3353 423 3437 πολλάκις
438 3358 659 3448 ἐμνήσθημεν.
687 3354 795 3424 αύιῶν
810 3358 957 3444 Δίφιλος
971 3346 992 3444 ἢ
1006 3358 1199 3448 Καλλιάδης
1214 3360 1248 3428 ἐν

102 3457 157 3523 δύο
182 3458 218 3524 δέ
241 3457 307 3524 είσι
331 3461 524 3549 κεκλημέναι
552 3457 571 3548 ἡ
601 3460 661 3546 μὲν
691 3455 825 3548 Ἀγνοίᾳ
847 3453 968 3536 cirac·

103 3560 273 3647 Κορύόελα
300 3556 319 3647 ἡ
348 3561 383 3628 δὲ
405 3564 660 3644 Μελανίππεια,
729 3569 764 3630 τί
784 3565 899 3643 ταύτας
920 3558 1080 3637 ποδαπὸς
1095 3556 1209 3646 ordros,-

101 3656 150 3738 ὥς
197 3666 442 3745 Φαβωρῖνος
486 3663 525 3731 ἓν
568 3678 661 3742 τοῖς
687 3668 724 3732 Β.
766 3663 981 3739 Χελιδύνειος
1014 3658 1031 3728 ὃ
1066 3662 1247 3750 δασύπους,

100 3762 403 3843 παντοδαποῖς.
686 3768 818 3852 γλυκεῖα
841 3759 873 3832 d'
899 3761 918 3851 ἡ
940 3771 1113 3850 μίμαρκυς.

686 3871 767 3948 (Fici
796 3871 1006 3938 Chelidoniae
1033 3879 1249 3939 memorantur

686 3972 720 4037 in
737 3973 784 4038 III
799 3994 830 4057 p.
841 3979 907 4042 750
924 3981 956 4041 et
974 3974 1051 4042 XIV
1065 3996 1097 4059 p.
1110 3974 1248 4055 652116.)
