2714 4500
101 243 148 298 De
167 243 292 299 fontibus
307 243 404 312 quibus
417 242 543 297 Aelianus
560 241 589 295 in
606 241 683 296 uaria
696 241 809 296 historia
820 240 1005 310 componenda
1018 224 1084 297 usus
1097 242 1141 297 sit.
1178 243 1217 302 73

160 418 232 482 Iam
254 415 331 501 quid
353 414 503 500 impedit,
530 416 698 499 quominus
720 415 913 480 Fauorinum
937 414 977 479 de
1000 416 1140 481 moribus
1162 437 1218 500 po·

66 521 224 605 pulorum
245 518 444 584 mirabilibus
466 518 500 582 in
523 517 636 582 eodem
658 517 740 582 libro
764 517 868 599 egisse
891 516 1082 583 credamus?
1104 553 1145 562 —

160 621 199 686 V.
217 620 352 704 h.IV‚8
380 613 665 702 (μεταβολαίλλ
710 617 841 682 Maxim.
863 617 938 699 Tyr.
961 619 1118 702 XXVIII,
1142 623 1219 687 590:

70 715 148 802 (Ἐκ
168 723 251 786 τῶν
275 720 532 806 Φαβωρίνου)
552 710 710 799 Ἔύτυχών
731 715 775 803 μὴ
799 715 855 783 ε’σο
878 713 1108 806 ὑπερήφανος,
1132 712 1220 787 διπο-

72 821 180 910 ρήσας
202 819 247 909 μὴ
270 820 442 899 ταπεινός·
476 817 537 896 τὰς
557 816 744 903 μεταβολὰς
765 821 824 904 τῆς
846 816 943 906 τύχης
964 825 1122 905 γενναίως
1144 819 1219 888 ἐπί-

74 947 183 990 στασο
206 927 320 1011 φέρειν
332 929 362 1000 ¹).

163 1027 215 1092 Di.
227 1027 284 1092 La.
295 1028 320 1111 Ι,
334 1029 374 1091 93
390 1027 423 1091 in
437 1024 565 1108 placitis
581 1023 742 1101 Cleobuli:
769 1017 836 1096 Τὰς
850 1021 1037 1106 μεταβολὰς
1052 1027 1110 1111 τῆς
1123 1024 1221 1114 τύχης

73 1133 236 1213 γενναίως
258 1124 422 1192 ἐπίστασο
446 1127 569 1211 φέρειν.

163 1231 252 1297 Stob.
274 1228 341 1296 flor.
365 1228 429 1311 CV,
453 1231 508 1292 62:
534 1229 797 1311 Φαβωρίνου.
830 1216 1030 1310 Ἄνθρωπος
1052 1216 1098 1294 (δν
1119 1229 1220 1317 μηδέ-

74 1324 157 1398 ποτ’
177 1330 275 1417 ε’ίπης
290 1320 343 1395 δτι
357 1333 484 1415 γίνεται
499 1321 629 1414 αύριον·
652 1317 730 1414 μηδ’
750 1319 854 1413 ἄνδρα
870 1324 950 1393 ἷδιδν
972 1321 1095 1411 δ’λβιον,
1119 1322 1221 1398 ὅσσον

72 1431 193 1518 χρόνον
207 1430 349 1498 ,ἔσσεται
370 1431 437 1496 κτλ.
457 1466 499 1476 -

74 1552 229 1636 V..th
244 1556 325 1615 11—
330 1554 401 1628 13(
391 1547 622 1636 (τύραννοι.
601 1543 650 1683 ).]η

76 1654 164 1721 V.h.
187 1653 314 1737 VI,13:
338 1647 516 1728 Καλωςτυ
542 1648 636 1713 δαι-
661 1650 906 1715 Fauorinum
950 1657 1102 1734 tyrannos
1145 1654 1219 1722 odio

76 1753 226 1838 μόνιον
248 1751 307 1819 επὶ
328 1757 495 1839 τριγονίαν
517 1774 636 1838 τυραν-
661 1757 865 1836 prosecutum
900 1773 970 1818 esse
1004 1755 1219 1838 colligendum

78 1855 172 1933 νίδας
193 1852 238 1942 μὴ
262 1849 351 1940 δῖγον,
375 1843 502 1919 ἀλλὰ
481 1880 500 1941 η
524 1876 636 1937 παρα·
663 1859 712 1919 est
741 1872 781 1918 ex
804 1853 892 1919 Stob.
915 1853 982 1920 flor.
1007 1855 1124 1940 XLIX,
1151 1862 1223 1934 14²)

73 1960 184 2045 χρῆμα
207 1955 355 2041 δκτρῖβον
370 1955 448 2033 τούς
460 1953 637 2043 τυράννους
663 1960 696 2020 et
717 1957 768 2019 48.

75 2066 199 2135 πίτυος
220 2058 311 2147 δίκην
333 2047 354 2146 ἢ
376 2057 508 2124 παίδων
528 2061 637 2140 στερί-
663 2058 715 2122 Di.
729 2058 785 2123 La.
800 2058 927 2140 111,20:
948 2055 1013 2124 Τδν
1025 2056 1152 2125 Πόλλιν
1165 2059 1221 2126 λύ-

77 2184 165 2227 σκον.
181 2158 442 2248 μνημονεύονται
457 2158 493 2225 δὲ
503 2151 557 2246 ὑφ’
569 2152 637 2224 Ἑλ·
662 2180 719 2242 γος
733 2152 800 2223 ύπύ
813 2181 850 2222 τε
862 2163 1014 2243 Χαβρίου
1024 2154 1221 2246 ἡττηθῆναι,

79 2261 188 2350 λήνων
211 2258 248 2339 ἐξ
269 2261 390 2340 αἰῶνος
411 2262 467 2327 καὶ
489 2257 522 2336 ἐς
546 2255 637 2344 ἐγγό·
662 2259 718 2323 καὶ
735 2255 820 2341 μετὰ
835 2260 940 2324 ταῦτα
955 2257 988 2324 δν
1001 2255 1105 2347 Ἑλίκη
1121 2286 1222 2326 κατα-

79 2389 155 2441 νους
170 2363 342 2450 διαρκέσαι
354 2362 436 2443 αἵδε,
452 2353 474 2450 λη’
485 2385 520 2426 τε
532 2355 638 2445 Ἱέρω·
663 2361 893 2445 ποντωδῆναι,
908 2387 927 2425 τ
937 2364 981 2426 οὗ
997 2360 1221 2444 δαιμονίου

79 2491 134 2544 νος
157 2463 192 2531 δν
206 2466 341 2553 Σικελίᾳ
358 2466 415 2530 καὶ
429 2459 448 2551 ἡ
464 2465 530 2529 τῶν
545 2467 638 2528 Λευ·
663 2465 919 2547 μηνίσαντος
948 2455 1056 2548 αύτηῖ
1085 2461 1141 2530 διδ
1164 2463 1222 2531 τδν

78 2566 227 2633 κωνιδων
249 2568 328 2653 περὶ
344 2565 522 2652 Βόσπορον
544 2557 636 2649 καὶὴ
665 2559 854 2650 φιλόσοφον
877 2562 1076 2645 (Πλάτωνα),
1099 2560 1145 2641 ὥς
1165 2568 1223 2631 καὶ

78 2671 145 2735 τῶν
168 2667 368 2752 Κυψελιδῶν
391 2665 425 2733 ἐν
448 2669 616 2752 Κορίνθῳ.
667 2662 915 2750 Φαβωρῖνός
930 2689 1032 2753 φησιν
1049 2665 1082 2734 δν
1097 2663 1222 2756 πρωτην

664 2769 730 2832 τῶν
754 2760 1111 2854 ἀπομνημονευμάτων.
1134 2807 1176 2817 -

78 2875 117 2941 V.
134 2874 166 2938 h.
189 2873 296 2955 VH,4
318 2879 350 2939 et
372 2878 391 2936 5
414 2864 595 2954 (πόνοςλλ

77 2975 278 3058 V.h.VII‚4:
292 2964 367 3038 Ὅτι
376 2968 639 3048 Πιττακδςπύνυ
665 2973 716 3037 Di.
732 2973 789 3039 La.
803 2975 829 3056 I,
847 2977 902 3039 81:
929 2973 1043 3060 Τούτῳ
1067 2983 1120 3052 (sc.
1136 2979 1222 3040 Πιτ-

80 3073 213 3164 σφόδρα
242 3071 357 3160 ἐπῄνει
382 3070 441 3159 τὴν
463 3071 577 3160 μύλην,
600 3069 637 3138 τδ
664 3075 765 3158 τακῴ)
779 3080 943 3159 γυμνασία
957 3062 997 3163 ἦν
1012 3089 1104 3141 σῖτον
1121 3068 1222 3154 ἆλεῑν,

79 3176 241 3264 ἐγκώμιον
270 3169 370 3262 αὐτῆς
399 3172 503 3243 ἐκεῖνο
527 3172 640 3240 ἐπιλέ-
666 3165 711 3251 ὥς
737 3197 821 3262 φησι
846 3178 1011 3264 Κλέαρχος
1037 3172 1053 3242 δ
1082 3175 1222 3264 φιλόσο-

78 3304 162 3364 γων,
185 3269 239 3344 δτι
261 3274 295 3342 ἐν
316 3279 423 3364 μικρηῦ
445 3276 542 3363 τύπῳ
565 3275 640 3343 δια·
666 3299 741 3363 (μσς.
764 3313 803 3321 -

80 3379 196 3469 φόρως
218 3378 290 3445 ἔστι
310 3376 559 3463 γυμνάσασθαι.

78 3485 117 3550 V.
130 3484 162 3549 h.
177 3483 235 3566 IX,
251 3485 370 3545 17-21
384 3477 640 3569 (κουφότης).]
1318 3552 1321 3557 .

81 3587 118 3652 V.
135 3585 167 3649 h.
184 3585 242 3666 IX,
258 3586 313 3647 20:
328 3581 448 3647 Πλέων
466 3577 641 3668 Ἀρίστιπ-
666 3583 719 3649 Di.
731 3584 787 3648 La.
798 3583 839 3666 Η,
853 3585 902 3662 71,
916 3582 956 3648 de
964 3583 1145 3666 Aristippo:
1164 3581 1223 3659 Εἰς

80 3710 147 3762 πος
158 3685 321 3767 χειμῶνος
332 3681 564 3769 ἐπιγενομένου
576 3681 641 3748 πά·
666 3676 837 3769 Κόρινθον
867 3674 956 3767 αύτηῖ
981 3682 1118 3748 πλέοντί
1140 3708 1224 3749 ποτε

169 3907 193 3956 1)
211 3899 476 3968 of.u.h.111,2-7
496 3898 737 3976 (μεγαλοφροσύνη)
755 3906 782 3955 et
800 3916 869 3968 quae
887 3900 921 3955 ad
938 3902 988 3956 hos
1006 3902 1080 3956 locos
1098 3902 1170 3971 inp.
1191 3907 1222 3958 68

81 3988 213 4043 adnotata
231 3990 302 4039 sunt.
390 3989 415 4051 2)
432 3985 496 4056 Pag.
508 3993 548 4043 σῖ.
615 3997 617 4001 ’
