2714 4500
10 258 12 277 ¹
98 251 133 306 De
147 249 269 306 lontibus
282 249 380 318 quibus
390 247 521 303 Aelianus
539 248 567 302 in
584 247 662 302 uaria
675 245 788 302 historia
800 246 984 315 componenda
995 262 1060 302 usus
1073 247 1116 302 sit.
1146 243 1206 304 109

81 443 113 490 cx
133 422 301 506 omnigena
323 421 457 488 historia
471 421 624 487 Fauorini
646 418 732 486 haud
754 439 859 504 pauca
879 417 1036 503 florilegia
1059 420 1149 501 quasi
1167 439 1209 486 ex

79 544 132 590 uno
151 522 235 590 nodo
258 544 297 590 ac
320 525 405 590 coitu
426 524 604 589 litterarum
625 522 769 607 profecta
790 527 872 588 sunt.

76 661 80 664 ·
151 628 295 709 Etenim,
323 632 360 691 ut
379 626 421 692 ab
444 623 611 690 Athenaeo
640 625 764 689 initium
787 624 929 708 capiam,
957 622 1086 689 tandem
1116 642 1210 690 uerus

78 729 138 796 eius
159 735 191 795 et
212 729 369 812 genuinus
397 728 468 794 fons
491 725 633 793 detectus
662 732 725 793 est:
759 732 831 793 sunt
859 724 1153 810 δειπνοσοφισταί,
1182 727 1211 792 si
1245 743 1247 747 ’

78 850 224 896 summam
246 836 389 914 spectas,
414 835 566 912 excerpta
585 828 685 894 lexici
707 828 913 894 Fauoriniani
935 828 967 892 in
989 828 1123 892 formam
1146 845 1210 892 ser-

77 953 196 999 monum
218 933 433 998 conuiualium
455 931 594 998 redacta.

76 1057 78 1062 ’
153 1035 267 1101 Nonne
297 1036 380 1100 enirn
410 1033 525 1100 eadem
552 1033 731 1114 aequalitas
758 1032 937 1115 argumenti
966 1033 1092 1114 utrique
1121 1031 1211 1115 operi

76 1138 198 1220 propria
214 1137 286 1202 est?
321 1137 435 1203 Nonne
457 1137 505 1202 illi
527 1136 650 1202 indices
670 1135 817 1218 piscium,
839 1134 1036 1218 poculorum,
1059 1132 1211 1215 ciborum,

76 1258 174 1305 nonne
201 1240 362 1304 cumulata
389 1240 446 1304 illa
473 1238 767 1322 praestigiatorum,
796 1254 990 1320 ganeonem,
1021 1239 1211 1320 potatorum,

75 1340 233 1406 hominum
255 1341 437 1424 gracilium,
463 1339 619 1405 artificum
641 1340 806 1422 exempla,
836 1339 869 1403 in
891 1338 1006 1420 quibus
1027 1336 1212 1402 Athenaeus

76 1442 132 1508 sibi
153 1444 285 1527 placuit,
307 1443 461 1507 rationem
477 1461 540 1523 qua
555 1442 644 1506 illum
661 1441 695 1505 in
710 1441 880 1524 omnigena
894 1439 1028 1506 historia
1043 1437 1213 1505 scribenda

75 1552 248 1628 grassatum
264 1563 333 1610 esse
348 1544 487 1610 uidimus
503 1545 594 1627 quasi
615 1564 675 1609 acu
697 1542 856 1626 tangunt?
892 1542 933 1606 Et
949 1540 1035 1625 quod
1049 1541 1212 1622 Aelianus,

76 1649 127 1730 qui
141 1648 341 1713 Athenaeum
362 1667 425 1712 non
447 1646 543 1712 modo
562 1644 759 1728 exhausisse,
783 1644 841 1712 sed
864 1646 960 1711 etiam
982 1645 1115 1710 fontium
1137 1662 1213 1725 qua-

76 1749 146 1815 dam
168 1749 393 1816 communitate
415 1769 486 1814 cum
510 1769 548 1815 eo
571 1749 757 1814 coniunctus
780 1749 883 1825 esse1)
907 1753 1051 1831 repertus
1078 1752 1141 1829 est,
1173 1765 1215 1812 ex

76 1850 231 1917 Fauorino
247 1850 375 1935 pendet,
390 1870 494 1916 nonne
509 1849 543 1915 id
558 1851 663 1936 ipsum
678 1850 711 1914 in
722 1848 923 1916 Athenaeum
938 1849 1054 1916 cadere
1065 1847 1215 1914 uidetur?

328 2053 370 2117 B.
408 2051 519 2115 Verum
542 2053 652 2115 odorent
675 2055 813 2114 coru'oru
835 2053 960 2116 iudicia.

631 2193 658 2253 1.

158 2307 208 2373 De
230 2307 382 2374 Fauorini
405 2309 518 2375 studiis
540 2309 756 2393 grammaticis
768 2307 791 2384 ²)
816 2308 894 2373 satis
917 2312 1040 2374 constat
1061 2326 1119 2390 per
1141 2305 1216 2371 Gel-

76 2408 166 2492 lium,
196 2410 253 2491 qui
280 2429 353 2476 eum
382 2410 596 2496 disputantem
623 2410 700 2476 facit
728 2409 768 2476 de
796 2411 920 2494 Iapyge
948 2408 1084 2491 aliisque
1112 2408 1216 2473 uentis

65 2500 115 2584 Vn.
130 2510 168 2575 A.
184 2511 225 2594 ll,
242 2512 304 2595 22),
328 2511 368 2578 de
384 2512 615 2596 significatione
637 2513 714 2597 peni
735 2512 884 2577 uocabnli
907 2510 972 2593 (IV,
985 2514 1025 2594 1),
1050 2509 1091 2576 de
1106 2508 1219 2576 discri-⁴

77 2613 159 2677 mine
180 2613 402 2678 manubiarum
424 2620 456 2678 et
476 2613 617 2699 praedae
640 2614 740 2697 (XIII,
757 2614 826 2696 25),
854 2614 894 2680 de
917 2632 996 2679 uoce
1020 2611 1218 2699 δημηγορίαι

77 2712 107 2777 in
129 2714 278 2779 Latinum
300 2734 477 2781 sermonem
504 2716 658 2782 uertenda
681 2716 811 2798 (XVHI,
829 2719 874 2798 7),
905 2715 946 2780 de
968 2715 1077 2799 inopia
1103 2734 1218 2780 uocum

77 2816 198 2881 colores
221 2818 466 2900 exprimentium
489 2819 618 2901 linguae
634 2819 769 2884 Latinae
791 2819 922 2903 propria
945 2818 997 2900 (ΙΙ,
1014 2820 1076 2900 26),
1100 2817 1140 2883 de
1163 2836 1218 2882 no·
1290 2859 1291 2862 =

77 2917 161 2982 tione
182 2918 351 2983 uerborum
372 2921 413 2985 ab
438 2921 553 3002 etymis
569 2920 745 3004 repetenda
767 2920 804 3002 (Ι,
819 2921 880 3004 18),
903 2920 944 2985 de
961 2920 1130 3004 elegantia,
1155 2938 1218 3001 qua

78 3017 112 3095 Q.
136 3018 367 3103 Quadrigarius
394 3042 535 3106 pugnam
556 3022 667 3087 Manlii
688 3023 844 3104 Torquati
872 3041 944 3088 oum
970 3019 1100 3087 homine
1123 3020 1218 3086 Gallo

78 3121 246 3205 descripsit
268 3122 336 3205 (IX,
353 3124 412 3206 13),
435 3125 550 3206 quibus
571 3124 820 3208 proprietatibus
843 3124 944 3189 oratio
967 3123 1084 3206 Lysiae
1107 3122 1218 3187 aPla·

75 3223 182 3287 tonica
202 3222 403 3290 abhorruerit
424 3226 477 3311 (Π,
494 3229 534 3308 5),
556 3226 598 3291 de
620 3225 801 3292 differentia
822 3225 954 3291 Pindari
976 3230 1009 3290 et
1029 3224 1164 3308 Vergilii
1186 3224 1219 3288 in

78 3323 289 3390 describenda
309 3323 478 3410 flagrantia
493 3329 610 3394 montis
624 3328 747 3394 Aetnae
770 3328 883 3411 (XVII,
900 3331 961 3410 10),
985 3327 1026 3392 de
1047 3327 1127 3392 locis
1150 3326 1218 3409 qui-

78 3424 212 3491 busdam
234 3427 478 3512 interpretandis
500 3429 663 3513 Euripidis
687 3431 787 3513 (Ι,15,
803 3435 852 3506 17)
875 3436 907 3496 et
928 3428 1073 3494 Sallustii
1096 3428 1163 3512 (III,
1178 3433 1218 3512 1),

78 3525 118 3592 de
139 3527 276 3593 lectione
299 3528 439 3611 quadam
461 3530 595 3614 Vergilii
618 3530 834 3597 confirmanda
864 3531 900 3614 (Ι,
916 3535 967 3614 21,
991 3531 1030 3595 cf.
1046 3530 1100 3613 IV,
1115 3534 1142 3614 1,
1157 3532 1219 3613 15),

78 3626 119 3693 de
140 3648 235 3694 uersu
261 3629 399 3711 quodam
420 3630 568 3697 Plautino
596 3633 664 3716 (ΙΙΙ,
681 3635 710 3716 3,
727 3633 768 3708 6).
811 3631 903 3696 Idem
924 3632 1103 3698 Fauorinus
1132 3633 1220 3717 apud

79 3729 218 3796 Gellium
231 3732 286 3814 IV,
301 3736 328 3815 1,
341 3737 360 3794 4
372 3752 441 3815 sqq.
464 3731 625 3798 hominem
639 3735 732 3817 nugis
747 3734 963 3817 grammaticis
977 3735 1129 3801 iactatum
1147 3755 1224 3820 per·¹

80 3833 236 3915 stringens
255 3825 418 3916 ‘Amab0',
442 3835 554 3919 inquit,
576 3828 751 3919 magister,
774 3834 931 3918 quidquid
946 3843 994 3902 est
1011 3857 1128 3904 nomen
1150 3839 1220 3922 tibi,

167 4004 190 4065 1)
207 3998 275 4055 Vide
292 4017 319 4068 p.
332 4005 372 4054 18.
443 4004 468 4068 2)
486 4001 590 4056 Matres
608 4018 635 4071 p.
647 4006 756 4059 24-41.
