2714 4500
136 185 175 244 28
495 200 496 204 ’
593 185 671 240 Felix
688 184 816 254 Rudolph

138 357 291 424 habemus
314 356 469 440 quasdam
493 360 712 442 exemplorum
734 358 885 424 similium
907 357 1185 443 continuationes,
1210 378 1276 442 quas

137 480 199 525 non
228 459 369 542 undique
396 460 437 525 ab
460 460 596 526 Aeliano
625 461 846 544 compositasp
860 458 917 526 sed
945 477 986 524 ex
1014 479 1079 526 uno
1105 460 1275 545 eodemque

137 568 266 627 auctore
298 560 475 645 descriptas
504 581 575 627 esse
605 568 850 628 consentaneum
873 567 931 627 est.
975 559 1067 638 Quae
1090 560 1275 629 deberentur

138 683 215 730 sane
243 664 308 729 illis
331 663 517 729 facetiarum
538 663 673 748 libellis,
699 664 752 746 qui
775 661 938 728 Plutarchi
960 663 1090 728 nomine
1113 683 1275 750 perperam

138 765 282 848 inscripti
305 770 392 847 sunt,
423 764 450 829 si
472 769 559 830 totae
581 764 624 830 ad
647 784 702 831 eos
725 764 896 849 adaptatae
919 769 1034 830 essent.
1078 765 1177 832 Nunc
1199 786 1274 846 uero,

139 867 289 949 quoniam
311 865 427 947 partim
449 870 570 931 tantum
593 868 627 931 in
649 887 704 934 eos
728 866 854 950 cadunt,
876 865 951 932 inde
973 886 1036 932 non
1058 865 1230 934 fluxerunt.

224 967 366 1032 Dicteria
392 964 555 1033 hominum
576 969 733 1034 clarorum
757 988 839 1051 quae
860 968 935 1034 libri
957 968 1038 1033 XIII
1059 970 1222 1054 capitibus
1242 971 1273 1034 37

139 1072 223 1133 -43
246 1075 398 1151 congesta
420 1074 493 1134 sunt
510 1069 631 1135 maiore
648 1090 690 1136 ex
704 1077 795 1155 parte
811 1090 882 1136 cum
897 1069 1197 1155 Pseudcplutarcho
1212 1091 1273 1138 con·

140 1172 247 1237 cinunt
269 1171 319 1247 (cf.
343 1169 496 1255 apophth.
513 1171 617 1237 Alcib.
638 1172 695 1255 HI,
717 1172 755 1255 V,
779 1172 833 1257 Vl,
855 1172 926 1256 VII,
949 1170 1104 1238 Themist.
1121 1172 1161 1257 V,
1185 1172 1271 1239 Phoc.

139 1273 257 1356 XVIII,
280 1273 392 1356 Epam.
409 1272 530 1356 XXIII,
554 1273 692 1340 Timoth.
708 1274 745 1351 I).
783 1274 884 1339 Immo
908 1279 1055 1356 quattuor
1077 1273 1179 1340 effata
1198 1274 1272 1340 Alci·

139 1375 244 1440 biadis
266 1377 300 1440 in
321 1395 351 1441 u.
368 1376 399 1441 h.
414 1376 504 1460 XIII,
523 1377 562 1440 38
584 1395 687 1460 aeque
710 1383 806 1460 atque
828 1375 916 1460 apud
937 1376 1028 1440 illum
1050 1394 1086 1442 se
1109 1377 1270 1460 excipiunt

139 1478 310 1543 Enimuero
334 1483 406 1543 sunt
421 1466 541 1543 ibidem
559 1477 642 1543 duae
657 1478 834 1544 sententiae
850 1476 993 1544 eiusdem
1007 1475 1199 1561 Alcibiadis,
1220 1479 1271 1544 sin·

140 1580 234 1661 gulae
250 1577 382 1644 Gelonis
405 1579 439 1643 in
462 1582 511 1661 37,
535 1578 696 1662 Ephialtis
715 1580 748 1645 in
765 1583 814 1662 39,
838 1578 1063 1645 Themistoclis
1077 1579 1111 1643 in
1127 1583 1169 1643 40
1186 1587 1217 1646 et
1230 1581 1269 1660 43,

140 1700 223 1761 quae
245 1678 333 1764 apud
348 1680 678 1764 Pseudcplutarchum
695 1680 818 1748 desunt.
851 1680 912 1747 His
928 1680 1074 1747 omnibus
1088 1682 1197 1747 animo
1211 1699 1269 1766 per·

139 1782 263 1866 pensis,
294 1782 322 1846 si
351 1783 523 1864 imaginem
544 1782 673 1848 Aeliani
703 1783 919 1868 compilatoris
940 1780 1108 1849 Athenaeo
1137 1782 1268 1848 adhibito

139 1882 333 1966 patefactam
355 1883 553 1967 respicimus,
578 1903 661 1966 quae
682 1885 715 1949 in
733 1905 763 1949 ιι.
780 1883 811 1949 h.
827 1885 917 1967 XIII,
935 1886 1059 1948 37-43
1074 1886 1222 1968 leguntur
1233 1883 1269 1948 f·

23 1980 25 1985 ’
141 1991 210 2051 cete
233 1985 319 2050 dicta
343 1992 374 2050 et
395 1984 481 2050 facta
502 2006 565 2051 non
582 2005 630 2051 ex
652 1984 934 2070 apophthegmatis
956 2005 1068 2069 regum
1091 1985 1267 2068 ducumque,

141 2084 199 2151 sed
222 2107 240 2152 e
260 2087 347 2154 fonte
371 2088 510 2171 quodam
531 2086 581 2154 his
605 2107 677 2153 cum
699 2089 790 2153 uaria
811 2085 945 2154 historia
960 2089 1119 2154 communi
1134 2087 1267 2155 uidentur

140 2185 254 2254 hausta
276 2208 356 2256 esse.

225 2290 276 2356 An
291 2293 392 2358 mauis
405 2291 446 2357 de
457 2291 593 2359 Aeliano
605 2290 769 2358 Plutarchi
781 2299 968 2375 excerptore
981 2291 1144 2374 cogitare?
1157 2291 1266 2372 Nempe

141 2399 317 2477 congruunt
339 2394 439 2461 iidem
459 2395 507 2459 illi
530 2401 653 2478 septem
675 2394 738 2459 loci
762 2413 833 2459 cum
855 2394 911 2459 uit.
934 2393 1038 2459 Alcib.
1054 2393 1116 2459 VII
1130 2399 1163 2460 et
1175 2387 1264 2471 XXII,

140 2494 296 2562 Themist.
310 2494 359 2559 XI
374 2499 406 2559 et
420 2494 539 2578 XVIII,
561 2494 660 2561 Phoc.
677 2495 828 2578 XXXVI,
848 2494 926 2561 Sull.
942 2495 987 2560 VI
1002 2528 1043 2539 -
1065 2495 1107 2562 de
1122 2495 1172 2561 sui
1185 2489 1265 2559 laude

140 2618 171 2681 p.
194 2597 293 2661 5th
317 2602 349 2662 et
369 2615 476 2681 praec.
499 2616 564 2678 ger.
588 2597 723 2680 reipubl.
746 2616 777 2679 p.
801 2597 907 2661 reeb.
952 2598 1051 2680 Atqui
1079 2616 1120 2663 ne
1142 2610 1264 2680 premam

141 2699 326 2764 discrimina
355 2697 469 2780 quibus
497 2696 548 2762 his
577 2704 770 2781 repugnant,
802 2696 888 2779 quod
917 2698 1134 2784 compluribus
1156 2692 1263 2780 scriptis

140 2799 340 2866 Plutarcheis
362 2797 567 2881 respondent,
589 2799 743 2865 Aelianus
765 2819 829 2865 non
851 2800 879 2867 is
902 2806 970 2866 erat
991 2800 1046 2882 qui
1066 2819 1172 2884 pauca
1193 2796 1263 2863 dein·

141 2922 216 2987 ceps
250 2901 357 2984 capita
387 2898 670 2983 apophthegmatis
702 2901 843 2966 uirorum
875 2901 1065 2967 inclutomm
1098 2903 1263 2986 expletura

140 3005 240 3070 multa
262 3001 423 3069 uolumina
445 3000 557 3067 sedulo
578 3002 758 3086 inspiceret.
1277 3057 1279 3063 .

224 3105 338 3188 Neque
354 3103 507 3169 Aelianus
528 3104 599 3187 ipse
623 3104 671 3170 sui
694 3103 804 3168 euadit
826 3104 1025 3188 epitomatcr,
1048 3103 1084 3169 id
1106 3111 1155 3170 est
1172 3098 1263 3166 uariae

140 3207 292 3274 historiae
315 3204 564 3272 conscribendae
587 3224 718 3288 operam
740 3205 928 3290 impendens
943 3225 1002 3271 usu
1017 3205 1092 3272 libri
1114 3205 1155 3271 de
1170 3206 1263 3268 natura

99 3366 102 3383 ,
140 3308 325 3374 animalium
355 3307 516 3374 abstinuit.
567 3306 652 3371 Huic
680 3311 787 3372 autem
815 3306 935 3373 iudicio
964 3306 1027 3374 duo
1057 3308 1165 3373 insunt
1191 3299 1263 3370 axio

101 3398 105 3427 ¹
141 3415 236 3491 mata,
261 3409 376 3490 quibus
397 3410 526 3492 ponitur
548 3413 580 3473 et
600 3412 769 3488 utrumque
785 3426 865 3491 opus
881 3408 1024 3475 eiusdem
1039 3409 1177 3475 auctoris
1198 3415 1264 3475 esee,

142 3510 176 3575 id
199 3511 285 3591 quod
300 3509 490 3595 Bernhardy
511 3510 544 3574 in
567 3507 781 3590 suspicionem
803 3510 941 3593 uocauit,
965 3515 997 3577 et
1011 3509 1040 3576 si
1054 3509 1183 3593 quidem
1198 3505 1264 3572 eius·

141 3610 213 3675 dem
244 3617 331 3695 suut,
363 3610 446 3678 hunc
469 3616 547 3676 ante
577 3609 666 3674 illam
695 3609 872 3676 confectum
895 3629 975 3677 esse.
1020 3609 1112 3689 Quae
1137 3611 1198 3676 iam
1218 3615 1260 3689 pri

140 3713 225 3776 ueris
247 3709 367 3777 habere
388 3711 468 3777 mihi
489 3712 587 3778 liceat
608 3709 667 3775 sub
683 3706 779 3774 finem
789 3712 810 3787 ¹)
835 3710 928 3777 huius
944 3711 1175 3779 dissertationis
1196 3721 1262 3774 con·

139 3811 320 3895 probatum.

227 3944 250 4005 lt
268 3940 336 3996 Vide
355 3955 414 4010 cap.
431 3941 504 3999 XIV.
558 4021 560 4025 Ι
