2714 4500
172 212 212 271 46
582 193 584 196 ‘
636 212 715 268 rem
732 213 859 283 eucarpo

173 386 365 467 simulatque
387 384 471 451 hunc
493 385 610 451 librum
631 392 742 452 nactus
766 393 823 470 est,
846 406 905 470 pro
921 384 1027 452 studio
1043 405 1100 451 suo
1115 385 1310 471 animalium,

172 507 254 571 quae
276 489 346 571 ipse
368 493 443 553 ante
465 487 652 569 singillatim
666 492 867 571 tractauerat,
890 486 971 552 nihil
985 487 1147 570 antiquius
1161 485 1312 554 habuisse

171 589 296 655 uidetur
319 608 414 672 quam
436 594 471 653 ut
493 584 530 652 τὸ
556 585 575 666 ζ
594 600 755 669 στοιχεῖον
779 589 951 656 euoluerct.

253 690 363 773 Atqui,
386 691 413 756 si
436 691 540 756 minus
559 690 729 774 indulgens
744 692 798 776 sis,
821 710 873 756 me
888 691 1071 773 uituperans
1091 682 1169 771 ‘quo
1184 689 1316 756 tandem

169 783 248 859 iure³
282 793 408 875 inquies
434 785 489 857 ‘de
515 793 611 859 rebus
641 793 871 859 commenticiis
899 798 1061 873 tamquam
1089 790 1131 857 de
1161 792 1250 858 ueris
1271 792 1317 858 lo-

170 894 299 976 queris?
321 894 406 959 Nam
427 898 461 958 tu
484 893 614 976 quidem
634 895 730 960 istam
750 894 893 960 tabulam
907 893 1039 959 arbitrio
1054 891 1186 976 finxisti,
1211 912 1318 975 neque

170 994 345 1077 quidquam
359 993 419 1059 tibi
434 1013 507 1060 eam
522 997 726 1079 componenti
741 996 801 1060 fuit
815 995 940 1061 facilius
956 1015 1051 1077 quarn
1061 996 1194 1060 uoculas
1207 995 1317 1060 animo

171 1095 369 1179 effingendas
390 1094 434 1160 ad
456 1096 602 1163 ordinem
623 1098 802 1164 litterarum
823 1088 1092 1163 accommodare'.
1131 1095 1219 1161 Sane
1244 1116 1318 1161 con·

169 1197 298 1263 iacturis
320 1197 400 1263 meis
423 1217 498 1264 usus
520 1217 600 1282 sum,
623 1198 752 1265 acheri
774 1199 887 1284 potuit,
910 1204 945 1263 ut
966 1199 999 1262 in
1014 1196 1077 1263 hac
1091 1204 1146 1263 aut
1160 1199 1221 1262 illa
1236 1216 1319 1264 uoce

167 1300 320 1382 primaria
341 1298 564 1365 constituenda
586 1319 734 1366 errarem.
778 1301 822 1365 At
844 1306 929 1366 certe
951 1319 1076 1365 summa
1098 1318 1209 1365 eorum
1233 1317 1318 1380 quae

169 1399 331 1484 disputaui
361 1401 456 1465 ualet.
500 1401 663 1485 Namque,
693 1404 844 1485 quoniam
873 1402 922 1466 illi
944 1401 1067 1468 indices
1091 1399 1317 1483 exemplorum

168 1521 276 1568 ornnes
300 1501 435 1567 eandem
458 1503 599 1585 speciem
619 1503 702 1569 adeo
723 1523 802 1589 prae
822 1523 856 1569 se
871 1503 984 1586 ferunt,
1007 1509 1042 1568 ut
1056 1502 1110 1567 uel
1125 1503 1189 1585 ipsi
1203 1507 1317 1567 aucto·

166 1622 235 1668 rem
263 1603 422 1686 quendam
450 1604 595 1670 omnibus
617 1624 817 1672 communem
839 1605 989 1685 clament,
1013 1602 1187 1670 dummodo
1208 1622 1319 1686 pauca

166 1703 319 1769 lemmata
341 1705 508 1788 eiusmodi,
534 1706 624 1770 uelut
645 1725 685 1772 ea
707 1726 789 1788 quae
813 1704 958 1783 δεῖπνον,
981 1702 1156 1782 Διόνυσος,
1179 1702 1316 1789 Δελφοὶ

124 1797 129 1802 ’
166 1805 325 1889 inscripsi,
348 1825 390 1871 ex
412 1805 469 1871 illo
491 1807 573 1873 libro
595 1827 653 1890 per
676 1807 835 1872 elementa
856 1808 1033 1892 composito
1054 1806 1227 1889 desumpta
1242 1825 1315 1872 esse

167 1905 340 1990 concedas,
370 1913 477 1974 cetera
502 1908 645 1974 indidem
664 1907 855 1992 profluxisse
878 1914 1125 1974 consentaneum
1148 1913 1206 1973 est.
1253 1908 1315 1973 His

89 2041 91 2047 ·
167 2009 336 2092 concessio,
360 2010 387 2074 si
411 2011 507 2075 etiarn
530 2012 563 2075 in
586 2011 700 2078 ceteris
723 2010 893 2093 dispositio
916 2009 1123 2094 alphabetioa
1144 2009 1235 2075 facili
1259 2029 1312 2074 ne-

165 2110 253 2193 gotio
275 2113 459 2194 agnoscitur
482 2147 519 2156 -
544 2131 640 2196 quam
661 2112 832 2196 agnouisse
854 2111 934 2176 mihi
949 2113 1063 2179 uideor
1076 2145 1129 2193 -,
1151 2129 1204 2177 res
1219 2117 1315 2176 extra

165 2230 291 2278 omnem
313 2211 520 2280 dubitationis
542 2215 646 2281 aleam
668 2214 804 2299 ponitur.

250 2313 368 2379 Vemm
391 2315 476 2397 quod
499 2316 565 2382 fere
588 2321 702 2399 quarta
722 2335 798 2401 pars
820 2315 929 2380 uariae
951 2313 1105 2390 historiae
1120 2333 1172 2380 res
1187 2315 1311 2381 similes

165 2421 402 2499 coagmentatas
432 2416 578 2501 exhibet,
612 2418 723 2500 utiquc
753 2423 880 2502 quarta,
914 2417 1048 2484 fortasse
1079 2417 1177 2482 etiam
1207 2417 1311 2482 maior

163 2536 239 2599 pars
262 2537 303 2582 ex
326 2518 440 2584 eodem
462 2519 518 2584 illo
540 2519 627 2584 fonte
648 2517 763 2584 hausta
785 2524 842 2584 est.
881 2517 978 2601 Sequi
1001 2517 1128 2583 uidetur
1141 2537 1311 2583 numemm

163 2624 328 2684 auctorum
350 2619 477 2685 Aeliani
499 2621 578 2686 satis
600 2620 743 2703 angustis
765 2619 880 2686 finibus
903 2620 1067 2686 contineri.

718 2807 747 2870 6.

248 2923 370 3006 Restat,
384 2929 419 2988 ut
433 2942 580 2988 moneam
595 2924 668 2990 illos
684 2925 938 3007 commentarios,
955 2943 973 2989 e
989 2923 1103 3005 quibus
1118 2922 1310 2991 historiolae

163 3024 324 3090 uariorum
346 3023 474 3090 Aeliani
502 3044 560 3109 per
581 3045 616 3092 se
639 3026 764 3108 positae
785 3045 882 3109 supra
903 3024 1099 3108 repetendae
1121 3032 1214 3091 erant
1236 3046 1310 3092 cum

162 3125 224 3193 hoc
251 3126 334 3193 libro
365 3125 408 3192 ad
434 3127 569 3192 formam
597 3128 694 3194 lexici
718 3145 869 3211 expresso
893 3126 1085 3193 cohaesisse.
1129 3125 1311 3194 Occurrunt

162 3228 248 3294 enim
277 3229 431 3295 nonnulla
459 3235 647 3312 argumenta
675 3230 725 3296 bis
756 3228 891 3296 diuersis
919 3229 1014 3312 locis,
1043 3229 1146 3293 altera
1168 3248 1309 3313 seorsus,

162 3330 265 3396 altera
286 3351 358 3396 cum
380 3330 538 3396 similibus
561 3332 741 3397 coniuncta:
765 3331 797 3395 in
820 3351 849 3395 u.
863 3329 894 3394 h.
909 3330 952 3411 II,
970 3333 1009 3392 14
1024 3329 1168 3396 Xerxem
1183 3331 1308 3412 platani

160 3451 269 3498 amore
300 3437 428 3515 captum
457 3437 586 3514 torques
615 3438 648 3498 et
668 3432 810 3497 armillas
836 3452 949 3498 aureas
971 3432 1005 3496 in
1026 3432 1095 3497 eius
1117 3433 1217 3498 ramis
1240 3453 1307 3499 sus·

160 3532 312 3616 pendisse
342 3532 570 3616 custodemque
599 3535 630 3600 ei
658 3532 788 3599 dedisse
809 3532 967 3599 rhetorice
995 3538 1156 3616 narratur;
1189 3534 1307 3601 eadem

160 3654 212 3700 res
235 3635 268 3699 in
289 3635 347 3718 IX,
366 3638 405 3698 39
428 3636 510 3700 inter
531 3637 596 3700 alia
618 3634 768 3717 exempla
789 3654 932 3700 amorum
954 3634 1165 3701 absurdorum
1188 3642 1305 3702 exstat

159 3735 289 3800 Morbus
318 3755 380 3817 quo
402 3735 606 3822 Pherecydes
630 3756 799 3821 oppressus
822 3756 893 3803 esse
916 3735 1032 3802 dicitur
1052 3736 1251 3822 pedicularis
1273 3739 1307 3803 in

159 3836 214 3919 IV,
237 3838 276 3900 28
299 3857 356 3920 per
378 3859 413 3905 se
433 3844 635 3920 memoratur,
657 3839 692 3903 in
715 3839 847 3906 exordio
869 3839 987 3905 libriV
1008 3838 1094 3905 idem
1115 3839 1212 3904 simul
1234 3859 1309 3906 cum

160 3939 271 4005 morbo
293 3938 396 4004 Tachi
417 3939 581 4024 Aegyptii.
616 3938 705 4017 Quae
727 3942 761 4006 in
782 3941 823 4025 X,
847 3943 885 4004 21
910 3945 959 4006 est
980 3941 1100 4008 fabella
1123 3940 1164 4007 de
1187 3942 1307 4025 apibus
