2692 4506
113 239 152 298 78
575 237 652 293 Felix
669 237 795 307 Redolph

112 432 207 492 ρενας
228 410 283 475 καὶ
305 407 470 486 τοσαύτας
490 407 600 494 κόρας,
623 411 744 486 Λᾶσος
763 407 798 474 δὲ
814 407 866 487 δὶς
882 407 969 474 ἑπτὰ
986 410 1080 495 λέγει,
1100 405 1217 486 Ἡσίοδος

112 509 147 576 δὲ
170 507 262 576 ἐννέα
284 513 340 577 καί
363 511 449 590 δέκα,
473 508 560 596 εἰμὴ
578 506 643 596 ἄρα
659 504 716 577 οὐκ
733 509 818 578 είσὶν
838 506 1004 577 Ἡσιόδου
1020 507 1061 576 τά
1078 510 1146 599 ἔπη,
1164 503 1215 575 ἄλλ’

111 607 157 690 ὥς
178 611 289 679 πολλὰ
311 615 367 679 καὶ
391 608 475 678 ἄλλα
496 616 720 698 κατέψευσται
743 606 854 679 αὐτοῦ.
884 607 1043 697 Ἀλκμάν
1066 613 1137 678 δέκα
1151 617 1217 701 φησί,

111 719 308 800 Μίμνερμος
331 715 445 796 ε’ίκοσι,
467 717 523 781 καὶ
544 715 714 801 Πίνδαρος
734 714 923 793 τοσούτους.
948 752 987 761 -
1257 750 1261 803 ¹.

110 837 147 902 V.
165 834 195 900 h.
211 837 285 919 XII,
298 839 338 900 43
363 831 667 921 (ταπεινότης).]
1256 856 1261 941 η

111 935 366 1023 ...Δημήτριον
384 935 420 1001 δέ
434 933 492 1001 τὸν
510 937 667 1023 Φαληρέα
694 936 745 1002 Di.
762 937 818 1002 La.
834 937 873 1021 V,
891 939 946 1001 76:
964 921 1023 1001 Ἦν
1044 933 1106 1021 γὰρ
1123 931 1217 1021 (Δημη-
1257 944 1261 1029 ξ

110 1036 281 1122 οἷκοτρίβα
295 1041 454 1122 γενέσθαι
470 1039 620 1122 λέγουσιν
633 1035 666 1103 ἐκ
691 1043 795 1118 τριος)
818 1034 852 1102 ἐκ
873 1039 933 1123 τῆς
954 1035 1110 1114 Κόνωνος
1133 1034 1218 1114 οἰκίας,

108 1142 166 1226 τῆς
195 1137 302 1216 οἰκίας
328 1140 387 1225 τῆς
412 1143 582 1221 Τιμοθέου
610 1142 665 1206 καὶ
693 1133 739 1216 ὡς
762 1143 1009 1223 Φαβωρῖνος
1038 1135 1078 1204 ἒν
1105 1135 1218 1223 πρώτῳ

109 1239 273 1318 Κίναινος.
691 1243 770 1305 τῶν
803 1233 1218 1328 ἀπομνημονευμάτων
1258 1280 1260 1323 Ι

692 1347 804 1429 φησίν.
825 1377 867 1389 -
1258 1326 1260 1355 ⁵

109 1446 145 1512 V.
162 1444 192 1510 h.
209 1445 298 1528 XIII,
315 1448 355 1510 23
371 1450 403 1510 et
418 1447 458 1507 24
481 1441 769 1530 (παλίμκοτοςη.

108 1548 200 1613 Dabo
239 1548 379 1631 exempli
418 1548 521 1631 gratia
564 1547 664 1613 haee:
691 1547 743 1612 Di.
755 1548 811 1613 Le
823 1543 1136 1630 ΙΠ,19;Παρε’δωκε
1146 1535 1171 1608 δ’
1179 1533 1218 1607 ιδ-

107 1650 197 1732 XIII,
211 1654 261 1732 24,
276 1642 592 1732 ῙεΛυκοῦρμοςδ
606 1645 664 1734 ῥη-
691 1646 749 1713 τδν
774 1652 829 1728 (se.
851 1645 1033 1724 Διονύσιος
1055 1641 1073 1711 ὁ
1096 1645 1219 1731 τύραννος

107 1774 174 1831 τωρ
201 1747 327 1834 ἐ’γραψε
352 1746 396 1834 μὴ
423 1745 572 1815 ἐλαύνειν
605 1746 665 1826 τὰς
690 1747 942 1826 τδνΠλάτωνα)
953 1746 1100 1814 Πόλλιδι
1109 1749 1152 1833 τῷ
1163 1752 1219 1812 Λα

107 1863 261 1935 γυναῖκας
275 1848 308 1915 ἒν
319 1863 390 1926 τοῖς
400 1856 594 1936 μυστηρίοις
607 1848 664 1916 ἐπὶ
690 1850 891 1937 κεδαιμονίῳ
928 1846 1014 1914 κατὰ
1048 1847 1156 1934 καιρὸν
1181 1843 1220 1912 διὰ

109 1950 236 2036 ζευγῶν,
258 1940 279 2038 ἢ
300 1954 340 2038 τῇ
363 1949 472 2039 δράση
489 1954 586 2018 τοῦτο
603 1949 664 2018 έπ-
690 1957 872 2039 πρεσβείαν
883 1941 1219 2037 άφιμμένῳ,ὥστεάπο-

107 2055 276 2141 ηρτῆσθαι
292 2051 409 2141 ζημίαν
431 2045 471 2141 ἣν
492 2077 529 2140 με
543 2048 628 2139 ᾤετο
644 2049 661 2120 δ
691 2053 828 2121 δόσθαι.
847 2047 996 2132 κάκεῖνος
1009 2048 1136 2141 άγαγών
1147 2043 1220 2117 αὐτὸν

107 2153 208 2233 τάξας
239 2147 448 2242 ἀποχρῶσαν.
482 2155 598 2242 πρώτη
628 2154 664 2221 δὲ
691 2154 738 2232 εἰς
765 2155 915 2240 Α’ίμιναν
944 2154 1155 2243 ἐπίπρασκεν.
1180 2142 1220 2217 δτι

106 2261 154 2345 τῷ
191 2261 386 2345 ψηφίσματι
421 2249 609 2343 ἠπείθησαν
642 2252 661 2343 ἡ
688 2259 744 2323 καὶ
756 2255 979 2343 Χάρμανδρος
992 2252 1219 2345 Χαρμανδρίδου

105 2354 222 2426 τούτου
250 2357 344 2445 γυνή,
373 2360 427 2424 καὶ
457 2355 515 2444 τὴν
545 2356 662 2446 ζημίαν
689 2357 859 2446 ἐγράψατο
882 2350 972 2443 αὐτῷ
994 2358 1087 2446 δίκην
1100 2353 1219 2423 θανάτου

105 2459 229 2539 ἐξέτισε
250 2459 547 2526 καταδικασθεῑσα.
688 2459 773 2527 κατὰ
794 2459 852 2527 τὸν
874 2453 959 2547 παρ)
974 2453 1089 2537 αὐτοῖς
1108 2460 1220 2525 τεθέντα

105 2567 155 2647 24,
172 2566 206 2628 3:
230 2562 437 2649 Κλεισθένης
458 2559 494 2626 δὲ
517 2557 533 2626 δ
554 2553 662 2648 Ἀθη-
688 2561 804 2645 νόμον,
837 2559 896 2628 τὸν
923 2564 1058 2647 πρῶτον
1088 2557 1220 2644 ἐπιβάντα

105 2677 197 2740 ναῑος
211 2661 248 2729 τδ
262 2661 556 2750 ἐξοστρακίζεσθαι
567 2665 661 2749 προῖ-
684 2656 1018 2750 Ἀθηναίωντῇνησιμ
1027 2653 1219 2750 άκριτονάπο

105 2789 161 2843 τος
184 2762 424 2851 ἐσημησάμενος
448 2758 546 2840 αὐτὸς
572 2763 662 2847 ἐ’τυχε
687 2759 855 2852 θνήσκειν.
878 2750 917 2852 ἦν
934 2757 965 2829 δ)
982 2757 1220 2843 αδτδςδθεὶέ

104 2870 163 2954 τῆς
184 2864 359 2954 καταδίκης
381 2869 523 2953 πρῶτος.
688 2864 1219 2955 τδννόμον,καθάφησι(δα·

687 2972 865 3056 βωρῑνος
916 2965 955 3034 έν
1003 2957 1221 3041 παντοδαπῇ

690 3069 850 3158 ἱστορία
878 3073 1008 3149 (etenim
1031 3072 1060 3138 is
1082 3073 1115 3137 in
1135 3067 1222 3137 eodem

688 3174 770 3239 libro
792 3173 958 3239 Platonem
981 3174 1125 3257 Aeginae
1141 3173 1223 3236 natm

688 3294 759 3341 esse
775 3275 922 3358 tradidit,
946 3275 984 3341 os.
1001 3275 1054 3340 Di.
1067 3274 1123 3340 La.
1138 3266 1222 3354 11L31·

689 3373 842 3452 εἰπόντος
865 3375 901 3440 δέ
922 3399 1029 3456 τινος,
1059 3367 1142 3440 άλλά
1162 3357 1223 3437 κατὰ

688 3475 843 3557 παιδιάν,
871 3476 1062 3565 φιλόσοφον
1085 3472 1168 3543 εἶναι
1183 3461 1224 3534 τὸν

688 3575 861 3664 ἐπιβάντα,
885 3571 1067 3644 ἀπέλυσαν.

665 3752 693 3814 3.

190 3871 303 3951 Neque
331 3888 407 3935 uero
435 3873 579 3950 egomet,
609 3871 758 3950 quoniam
785 3868 858 3934 illos
880 3865 1003 3932 mdiees
1026 3867 1236 3952 exemplorum

107 3993 148 4038 ex
177 3973 346 4053 omnigena
372 3969 505 4036 historia
533 3975 675 4053 sumptos
699 3988 768 4035 esse
791 3968 927 4035 euieisee
948 3967 1029 4033 mihi
1051 3967 1181 4052 uideor,
1207 3966 1240 4024 0⁰
