2714 4500
136 197 183 253 De
203 198 328 254 tontibus
347 197 444 268 quibus
457 198 587 255 Aelianus
604 199 633 254 in
645 199 722 254 uaria
734 199 847 255 historia
860 202 1043 269 componenda
1055 217 1120 256 usus
1133 202 1175 257 sit.
1213 201 1253 261 23

103 391 209 456 φασι,
241 369 340 455 λόγος
368 369 449 452 ἔχει,
481 368 577 454 λόγος
608 370 643 436 δὲ
672 368 794 447 ἐκεῖνος
815 375 997 457 περίεισιν,
1027 366 1151 452 ἀκούω,
1175 372 1193 439 ὃ
1218 374 1253 440 δὲ

105 469 218 555 ἔγνων,
242 473 341 537 τοῦτο
365 467 471 538 εἶπον.
506 472 589 551 Quid
613 474 699 557 quod
714 474 926 557 Athenaeum,
949 494 1044 557 quem
1066 477 1251 560 primarium

104 575 222 642 ducem
245 580 374 642 secutus
397 581 454 658 est,
477 595 632 658 nusquam
656 582 891 642 commemorat.
929 575 1013 641 Num
1037 597 1112 643 casu
1134 577 1251 643 factum
1316 612 1321 671 3

104 684 171 759 est,
194 683 230 743 ut
259 677 329 743 eius
357 696 472 742 nomen
500 678 671 743 reticeret?
704 677 805 743 Immo
828 678 982 742 memoria
1004 679 1071 744 eius
1094 680 1252 745 exstincta
1312 698 1317 741 ε

102 798 185 844 suae
215 778 380 844 doctrinae
409 778 550 861 spectem
580 798 698 862 augere
728 779 837 844 dedito
867 778 1009 844 instituto
1040 786 1170 845 conatus
1193 786 1249 846 est.
1309 792 1312 842 t

102 880 254 962 Namque
277 878 319 945 ad
342 898 414 943 eam
429 881 643 963 arrogantiam
659 879 818 945 interdum
834 899 1021 965 progressus
1038 888 1095 965 est,
1118 887 1250 963 atquae

103 1000 148 1046 ex
177 981 264 1047 illius
293 999 390 1064 opere
421 979 619 1064 deprompsit
646 980 773 1049 de‘suo
802 983 948 1047 attuIIsse
970 981 1075 1049 uideri
1098 983 1248 1050 studeret.

101 1082 203 1148 Velut
223 1082 370 1165 quamuis
384 1080 543 1148 Athenaei
566 1083 710 1165 uestigiis
732 1083 902 1177 insisteret,
927 1082 1007 1148 haec
1033 1085 1075 1150 ad
1098 1105 1132 1152 se
1157 1104 1246 1151 reuo·
1320 1156 1324 1173 ¹

104 1204 181 1250 care
201 1204 265 1249 non
287 1184 459 1249 dubitauit:
1320 1194 1324 1213 ¹

101 1340 136 1385 u.
148 1318 180 1383 h.
201 1319 287 1403 XIV,
304 1322 358 1384 23:
383 1316 472 1416 δοκεῖ
494 1315 530 1381 δέ
551 1341 609 1399 μοι
628 1313 645 1383 δ
663 1316 696 1383 ἐν
714 1310 829 1385 Ἰλιάδι
854 1314 1020 1401 Ἀχιλλεὺς
1035 1314 1051 1385 δ
1068 1322 1107 1406 τῇ
1121 1317 1249 1406 κιθάρᾳ
1321 1342 1324 1347 ·

101 1417 288 1506 προσᾴδων
305 1469 312 1484 .
330 1470 337 1484 .
355 1470 362 1484 .
378 1415 445 1505 ’τ’ἦν
467 1420 563 1503 μῆνιν
585 1419 802 1499 κατεσιάζειν.
840 1480 845 1489 ,
1322 1430 1325 1435 ’

99 1538 179 1605 11.11.
195 1539 252 1621 ΙΠ,
272 1543 323 1603 15:
346 1535 383 1603 τό
407 1561 443 1622 γε
464 1533 528 1625 μὴν
550 1532 635 1624 ὑπὲρ
650 1541 715 1604 τῶν
734 1542 882 1626 Θρακῶν,
907 1533 990 1604 ἀλλὰ
1006 1542 1102 1604 τοῦτο
1117 1538 1177 1623 μὲν
1191 1540 1247 1603 καὶ

99 1637 321 1726 διαβεβόηται
344 1634 405 1726 ἤδη
428 1639 484 1703 καλ
507 1637 775 1728 διατεθρύληται,
800 1636 845 1718 ῶς
861 1641 926 1707 εἰσί
942 1654 1033 1707 πιεῖν
1050 1639 1245 1717 δεινότατοι.

98 1781 132 1826 11.
150 1759 182 1825 h
203 1759 245 1844 II,
268 1763 322 1825 38:
354 1762 388 1823 τί
417 1756 452 1822 δὲ
484 1750 540 1822 οὐκ
564 1747 603 1822 ἀν
626 1758 759 1843 εἴποιμι
781 1761 837 1825 καὶ
859 1756 918 1825 τὸν
937 1755 1105 1844 Ῥωμαίων
1129 1757 1247 1842 νόμον,

98 1862 155 1925 καὶ
181 1848 256 1937 πῶς
279 1852 337 1925 οὐκ
359 1852 498 1946 ὀφλήσω
522 1859 658 1937 δικαίως
681 1853 825 1947 ἀλογίαν,
851 1861 879 1928 εἰ
894 1860 936 1928 τὰ
951 1863 1010 1946 μὲν
1025 1865 1168 1948 Λοκρῶν
1191 1865 1245 1928 καί

100 1962 364 2028 Μασσαλιωτῶν
392 1962 448 2027 καὶ
476 1959 518 2026 τά
541 1963 721 2049 Μιλησίων
744 1961 800 2030 διὰ
822 1963 951 2052 μνήμης
974 1964 1114 2052 ἐθέμην,
1145 1961 1186 2029 τὰ
1210 1964 1245 2029 δὲ

97 2067 159 2149 τῆς
181 2060 324 2146 ἐμαυτοῦ
346 2063 509 2148 πατρίδος
532 2060 636 2144 ἐάσας

186 2201 358 2268 Varietatis
387 2201 526 2267 studIum
548 2204 709 2283 'quantum
737 2201 769 2265 In
793 2221 830 2267 eo
853 2203 948 2268 fuerit
971 2209 1002 2268 et
1024 2223 1041 2268 e
1064 2204 1174 2269 uariae
1196 2203 1243 2268 hi-

96 2304 218 2369 storiae
249 2302 455 2385 inscriptione
485 2308 516 2368 et
539 2322 580 2367 ex
602 2301 710 2366 indole
733 2308 799 2368 tam
822 2303 915 2369 huius
939 2322 1034 2385 quam
1056 2304 1243 2369 animaIIum

99 2401 254 2470 historiae
278 2404 390 2470 elucet.
424 2403 518 2483 Quod
540 2405 610 2487 ipse
632 2403 794 2486 professus
818 2411 866 2470 est
881 2405 914 2469 in
930 2405 1058 2488 epilogo
1073 2403 1148 2470 huic
1170 2406 1243 2471 sub·

98 2504 182 2570 iectu
198 2504 253 2570 sic
276 2506 414 2572 locutus:
438 2498 577 2588 ἀνέμιξα
601 2501 636 2567 δὲ
657 2504 713 2568 καὶ
735 2501 776 2569 τὰ
792 2505 954 2570 ποικίλων
970 2508 1025 2583 (so.
1042 2502 1145 2588 ζηίων)
1162 2528 1242 2570 ποι-

98 2607 174 2673 κίλα
202 2608 257 2672 καὶ
287 2601 373 2692 ὑπὲρ
395 2607 530 2673 πολλῶν
560 2603 746 2692 διεξῆλθον.
791 2608 904 2689 Neque
925 2608 1039 2672 mirum
1062 2613 1125 2690 est,
1155 2608 1242 2690 quod

98 2709 186 2776 idem
209 2711 445 2794 comparatione
467 2711 576 2775 uariae
600 2709 752 2775 historiae
774 2728 846 2774 cum
865 2708 1031 2775 Athenaeo
1055 2711 1240 2794 comproba·
1326 2760 1329 2779 2

99 2816 156 2877 tur.
192 2811 318 2877 Etenim
340 2813 416 2877 illae
430 2811 573 2876 XXVIII
594 2810 778 2877 historiolae
801 2831 819 2876 e
841 2810 941 2876 tribus
955 2810 1046 2876 libris
1061 2831 1241 2878 sermonum
1327 2832 1330 2880 ἴ

101 2913 316 2979 conuiualium
339 2918 485 2998 sumptae
507 2932 564 2995 per
579 2911 691 2979 decem
706 2912 805 2978 libros
821 2912 981 2976 uariorum
998 2911 1142 2996 digestae
1158 2921 1238 2999 sunt,
1324 2976 1327 2993 ff

100 3013 138 3080 de
161 3015 277 3098 quibus
300 3016 416 3097 quinae
439 3012 583 3079 incidunt
605 3014 637 3077 in
657 3014 755 3079 libros
770 3014 907 3097 prImum
924 3019 955 3079 et
969 3014 1114 3097 alterum,
1137 3016 1239 3080 trinae

100 3116 282 3182 intertium
305 3121 337 3182 et
359 3121 520 3198 quartum,
548 3115 692 3196 siugulae
714 3115 746 3179 in
769 3115 949 3198 septimum,
973 3121 1129 3198 octauum,
1153 3115 1237 3182 deoi-

99 3237 194 3300 mnm,
211 3217 445 3301 duodecimum,
462 3223 608 3299 quartum
624 3215 790 3299 decimum,
807 3220 929 3299 septem
945 3217 976 3280 in
992 3236 1118 3282 nonum.
1148 3215 1237 3294 Quae

99 3337 167 3384 cum
195 3319 229 3383 in
257 3320 455 3399 uniuersum,
483 3324 519 3381 ut
545 3336 604 3400 per
631 3318 730 3383 libros
753 3319 862 3383 uariae
886 3316 1039 3383 historiae
1062 3317 1236 3402 dispositae
1264 3321 1265 3324 ’

99 3419 309 3501 ἰσσοσίοιιίοι,
333 3420 378 3484 ita
399 3420 520 3485 alterae
543 3419 652 3484 alteris
673 3419 798 3485 uicinae
813 3419 885 3500 sint,
910 3423 1021 3500 quater
1036 3419 1169 3501 singulis
1185 3441 1236 3486 ca·

97 3521 215 3604 pitibus
238 3520 386 3586 diuersae
402 3520 533 3604 originis
549 3526 622 3586 sunt
635 3519 823 3602 disiunctae,
847 3518 1106 3602 quandoquidem
1121 3541 1150 3585 u.
1164 3520 1194 3586 h.
1210 3524 1234 3607 Ι,

97 3622 144 3704 25,
168 3622 210 3706 Π,
228 3623 278 3704 39,
302 3621 423 3710 Ιν,24,
445 3621 503 3704 ΙΧ,
522 3624 570 3702 10,
594 3622 649 3704 qui
670 3623 733 3687 Ioci
748 3622 831 3686 inter
845 3622 998 3685 lemmata
1013 3639 1054 3685 ex
1069 3620 1234 3691 Athenaeo

96 3721 240 3789 deriuata
263 3723 441 3806 interpositi
464 3728 544 3804 sunt,
568 3742 609 3787 ex
624 3721 790 3787 Athenaeo
813 3742 876 3786 non
900 3731 1135 3790 emanauerunt.
1172 3725 1234 3791 lta·

96 3843 154 3905 que
176 3825 260 3890 ratio
275 3824 402 3888 Aeliani
424 3825 470 3890 sic
492 3823 583 3889 nobis
607 3824 732 3889 uidetur
753 3822 860 3887 animo
876 3842 946 3888 esse
961 3821 1120 3908 fingenda,
1143 3833 1177 3892 ut
1193 3848 1234 3893 ex

93 3926 213 4008 ahquot
235 3923 450 3990 uoluminibus
471 3931 545 3990 ante
568 3927 676 3992 oculos
695 3924 841 4006 euolutis,
864 3943 928 4007 qua
942 3925 1023 3991 forte
1039 3928 1233 4012 excerpendi
