2714 4500
103 171 142 229 96
567 170 644 226 Felix
662 171 789 241 Rudolph

103 349 184 427 sunt,
208 342 374 426 Epicureo,
397 342 605 427 Metrodorus,
629 345 826 429 Polyaenum
859 346 892 410 in
913 365 943 410 u.
960 344 990 410 h.
1006 346 1047 430 H,
1064 349 1105 411 23
1127 307 1311 430 Diod&¹

103 465 164 529 ras,
187 442 309 509 ibidem
325 446 361 508 31
380 443 588 527 Euhemerus,
611 446 776 531 Diogenes
796 445 916 532 Phryx,
939 448 1057 533 Hippo,
1080 417 1311 533 Diagoras&

103 546 222 630 Sosius,
246 546 420 630 Epicurus,
443 547 619 631 Epicureos
642 549 683 614 ob
705 549 840 615 eandem
856 569 985 616 causam
1008 556 1040 615 et
1061 519 1311 616 ceonred

103 656 135 715 et
156 670 177 714 a
197 648 366 714 Messeniis
388 651 541 732 expulsos
564 668 635 716 esse
657 656 762 716 exstat
782 671 847 717 non
868 650 965 717 modo
988 651 1020 715 in
1043 652 1063 716 1.
1079 653 1101 716 l.
1119 630 1311 717 Suidass

103 751 281 817 sedetiam
305 749 575 834 inu.h.IX,12.
620 752 665 819 Ut
686 751 719 818 in
741 750 906 835 u.h.1‚2,
929 753 975 818 ita
997 754 1029 817 in
1052 728 1311 838 havi&

102 853 247 918 Minerua
265 843 399 936 Ἐργάνη
423 872 496 918 cum
517 852 701 937 phalangiis
724 861 935 938 comparatur.
979 855 1071 921 Alias
1097 847 1311 922 sinemo&

103 954 327 1036 congruentias
350 955 453 1020 sciens
476 955 672 1038 supersedeo
695 975 889 1021 enumerare.
962 962 965 975 '

188 1055 338 1120 Attamen
362 1056 559 1141 ⁴Bernhardy
571 1059 592 1134 ¹)
627 1078 698 1124 cum
727 1059 768 1123 Is.
791 1058 942 1132 vossiou
976 1064 1007 1123 et
1036 1057 1306 1158 Vdjkssnariffi'

103 1157 259 1240 quasdam
272 1156 504 1242 discrepantias
521 1159 710 1235 elocutionis
725 1177 873 1243 premens
888 1159 929 1225 de
946 1160 1106 1225 communi
1122 1162 1311 1226 auctore6

101 1251 433 1342 utriusquetnistoriae
449 1260 583 1326 dubitat.
620 1261 690 1344 Age
711 1280 797 1344 uero,
820 1280 860 1325 ne
883 1261 1041 1343 ambiguis
1062 1261 1252 1328 fundamen·
1288 1278 1311 1292 ‘

4 1382 7 1421 r
101 1361 142 1426 tis
165 1361 344 1444 proximam
368 1362 624 1429 dissertationem
653 1362 780 1428 fulsisse
809 1362 936 1440 uidear,
964 1381 1003 1427 ea
1032 1362 1103 1446 ipsa
1133 1363 1168 1427 in
1192 1383 1254 1447 qua

101 1463 156 1527 ille
180 1462 314 1529 offendit
336 1463 474 1529 elocutio
498 1463 711 1529 examinanda
733 1469 790 1529 est.
833 1463 947 1546 Itaque
970 1466 1113 1529 animum
1137 1465 1251 1531 aduer-

100 1570 203 1630 tamus
224 1564 266 1629 ad
288 1565 444 1631 rationem
465 1586 529 1649 qua
551 1569 653 1631 altera
674 1567 708 1657 in
729 1571 863 1647 utroque
886 1565 968 1630 libro
993 1567 1159 1632 enuntiata
1181 1588 1252 1634 cum

11 1680 13 1684 ·
101 1665 210 1731 alteris
233 1654 356 1730 conexa
378 1673 451 1733 sunt
474 1668 568 1733 etad
591 1668 740 1732 minimas
763 1685 906 1749 quasque
928 1668 1081 1733 orationis
1110 1670 1252 1752 particu-

100 1768 159 1849 las,
182 1767 215 1831 in
238 1767 353 1849 quibus
375 1769 614 1853 promptissima
637 1775 685 1834 est
707 1767 904 1833 diiudicatio.
942 1769 1120 1852 Utrobique
1143 1778 1251 1836 autem

101 1868 290 1951 saepissime
306 1876 472 1935 occurrunt
494 1872 627 1936 uoculae
650 1871 705 1933 καὶ
721 1906 762 1914 -«
778 1868 829 1947 δέ,
853 1870 909 1932 καὶ
925 1873 1105 1951 -μέντοι,
1127 1869 1163 1955 γὲ
1184 1869 1251 1957 μὴν

11 1974 13 1981 ’
100 1990 159 2053 pro
183 1966 234 2048 δέ,
265 1966 300 2032 δὲ
323 1954 395 2048 οὖν,
424 1974 493 2049 τοί,
522 1975 649 2051 τοίνυν,
679 1973 756 2055 γοῦν
785 1973 837 2037 cui
863 1971 931 2037 fere
959 1977 1008 2037 est
1036 1974 1125 2040 notio
1152 1976 1251 2057 parti·

6 2092 8 2099 ’
102 2073 193 2137 culae
214 2067 292 2155 γάρ,
317 2062 401 2136 ἀλλὰ
423 2069 502 2158 γάρ,
533 2071 568 2137 δὲ
592 2067 671 2159 ἄρα,
701 2071 796 2170 ε’ίπερ
820 2056 893 2151 οὗν,
924 2065 996 2136 εἶτα
1018 2075 1147 2156 μέντοι,
1180 2070 1251 2140 είτα

101 2194 159 2257 pro
183 2171 302 2238 ἔπειτα
317 2172 362 2252 δέ,
385 2174 440 2238 καὶ
462 2171 525 2260 γὰρ
547 2178 612 2254 καί,
634 2176 690 2239 καὶ
714 2171 770 2240 οὖν
789 2179 854 2253 καί,
876 2175 932 2239 καὶ
954 2176 1069 2257 μέντοι
1090 2180 1156 2256 καί,
1181 2167 1250 2260 ἅμα

100 2311 140 2320 -
155 2279 221 2354 καί,
243 2273 279 2338 τὲ
301 2279 366 2355 καί,
391 2267 428 2340 οὗ
450 2274 524 2363 μην,
549 2271 624 2342 οὔτε
645 2275 719 2362 μην,
743 2268 796 2342 ὅτι
820 2269 893 2370 ἄρα.
907 2268 977 2355 (οὐκ
994 2267 1103 2361 αἰγνοαῖ
1121 2276 1157 2343 δὲ
1174 2271 1249 2343 οὐδὲ

100 2373 203 2441 ἐκεῖνο
227 2367 281 2442 ὅτι
304 2370 369 2462 ἄρα
392 2384 475 2458 ...),
499 2370 605 2465 ὅσπερ
628 2363 695 2458 οὗν,
719 2369 834 2462 ὥσπερ
858 2372 924 2456 οὖν,
949 2362 989 2441 οὗ
1012 2375 1125 2459 πάλιν,
1149 2377 1247 2459 πάνυ,

99 2476 206 2561 μάλα,
235 2476 399 2561 μάλιστα,
428 2478 580 2560 πάντως,
604 2481 685 2565 πρὶν
706 2468 728 2564 ἢ
750 2501 820 2546 cum
844 2478 1016 2565 infinitiu0,
1047 2477 1170 2557 ἐκεῖνος
1190 2503 1248 2566 pro

100 2571 166 2659 dds,
189 2575 273 2666 ὑπὲρ
296 2603 354 2666 pro
378 2587 466 2668 περί,
490 2581 603 2647 οἱονεί.
641 2581 736 2660 Quod
758 2580 800 2647 ad
823 2581 980 2666 apodosin
989 2584 1118 2678 attinet,
1141 2585 1246 2649 utrim-

100 2701 162 2764 que
185 2683 262 2747 talia
285 2683 459 2751 identidem
484 2685 648 2768 leguntur:
677 2681 706 2748 εί
730 2681 767 2746 δέ
787 2706 820 2748 τι
840 2684 961 2762 χαῦνον
983 2678 1022 2767 ἠν
1045 2675 1161 2759 αὐτοῖς
1182 2686 1246 2749 ταῖν

99 2783 208 2865 μελῶν
313 2776 399 2848 ἀλλ’
425 2782 607 2850 ἐνταῦθα
630 2782 702 2866 μὲν
732 2781 890 2848 ἐπαίοντο
921 2783 1010 2864 (uh.
1034 2785 1178 2868 xiva).
1215 2785 1245 2851 oi

101 2883 136 2948 δὲ
158 2881 354 2967 καλούμενοι
375 2889 442 2951 τῶν
456 2887 595 2968 κοχλιῶν
611 2878 758 2972 ἀρείονες
781 2877 897 2950 οὗτοι
919 2883 989 2967 μὲν
1011 2886 1067 2950 καὶ
1091 2878 1247 2953 ἀπατῶσι

100 2986 142 3064 (h.
158 3007 187 3052 a.
203 2987 245 3071 X,
263 2992 303 3064 5).
329 3024 368 3033 -
391 2983 408 3053 ὁ
434 2987 470 3052 δὲ
492 2988 634 3064 πολλοῖς
658 3037 715 3051 ...
736 2985 942 3074 χρησάμενος
965 3037 1022 3051 ...
1045 2989 1247 3072 μεταβολαῖς

99 3088 289 3153 τελευταῖον
312 3086 355 3153 δὲ
376 3086 435 3154 τὸν
456 3093 530 3172 βίον
551 3092 774 3174 κατέστρεψεν
803 3094 844 3168 (u.
860 3088 891 3153 h.
907 3086 965 3172 IX,
982 3092 1022 3163 8).
1060 3087 1091 3154 εί
1113 3088 1177 3177 γάρ
1198 3114 1248 3168 τις

96 3194 252 3276 χρίσαιτο
274 3240 308 3256 ..
326 3238 332 3250 .
355 3187 397 3255 τὰ
421 3188 463 3254 δὲ
487 3183 728 3277 ἀποδιδράσκει
742 3188 949 3275 πορρωτάτω
972 3190 1013 3264 (h.
1027 3213 1056 3258 a.
1072 3193 1115 3276 X,
1131 3196 1192 3270 12).
1208 3229 1247 3241 —

99 3293 152 3357 καὶ
177 3289 429 3375 πυνθανόμενοι
455 3291 497 3356 τὰ
520 3284 602 3378 παρ’
629 3284 784 3379 ἀλλήλοις
812 3286 900 3356 εἶτα
931 3283 1247 3379 ἀντεφιλοτιμοῦντο

99 3401 141 3469 (u.
158 3395 189 3460 h.
203 3396 272 3478 VII,
289 3397 330 3473 2).
368 3387 473 3459 ὄντων
496 3393 531 3459 δὲ
555 3397 724 3479 σκορπίων
746 3390 894 3457 ἐνταῦθα
922 3398 1088 3477 μεγίστων
1112 3447 1173 3465 ...
1195 3401 1247 3465 καὶ

99 3493 247 3582 μηχανὰς
274 3499 394 3581 μυρίας
421 3500 664 3583 μηχανωμένων
686 3497 752 3559 ταῖν
773 3492 975 3579 Αἰγυπτίων
982 3547 991 3576 ,
1022 3488 1127 3565 ἀλλὰ
1158 3502 1249 3589 αἵγε

100 3599 180 3675 (scil.
204 3599 353 3664 mulieres
375 3598 569 3683 Aegyptiae)
596 3598 787 3661 πενθοῦσαν
815 3594 909 3683 παρὰ
937 3599 976 3684 τῇ
1000 3601 1077 3685 (ispi
1101 3653 1108 3667 .
1134 3655 1142 3670 .
1167 3652 1173 3667 .
1196 3607 1250 3670 καὶ

101 3689 307 3784 ἀνυπόδητοι
327 3696 524 3781 βαδίζουσαι
629 3693 720 3764 εἶτα
742 3701 856 3782 μέντοι
879 3691 1030 3776 ἀπαθεῖς
1054 3700 1251 3788 διαμένουσι

189 3852 212 3913 1)
230 3847 502 3903 Wissenschuftliche
519 3848 621 3919 Syntcx
637 3865 664 3917 p.
676 3852 717 3915 37,
727 3852 769 3904 61.

186 3936 211 3998 2)
229 3933 262 3986 In
279 3931 429 4002 appendice
447 3932 552 3988 obseru.
572 3933 600 3986 in
617 3933 717 3988 Melam
735 3935 770 3999 H,
781 3938 804 3988 2.
