2714 4500
102 107 140 162 De
159 106 285 164 fontibus
303 105 399 177 quibus
411 107 543 162 Aelianus
557 106 587 161 in
600 107 679 161 uaria
689 106 803 164 historia
817 109 1002 180 componenda
1013 125 1079 166 usus
1092 112 1135 167 rit.
1171 111 1210 171 67

628 301 657 363 2.

150 433 256 512 Quam
278 434 320 499 ab
334 433 471 499 Aeliano
487 440 673 518 excerptam
689 453 758 500 esse
775 435 860 499 omni
875 434 1074 502 dubitatione
1089 443 1212 504 remota

74 543 187 602 certum
217 535 293 617 erit,
324 536 350 600 si
379 536 565 618 apparuerit
586 536 660 601 illos
684 535 903 619 exemplorum
926 536 1065 621 indices,
1094 539 1211 621 quibus

71 639 157 704 uaria
185 636 321 702 historia
349 636 483 718 insignis
511 644 574 720 est,
605 637 762 721 quadrare
784 637 827 702 ad
848 630 1000 704 Fauorini
1023 639 1210 724 fragmenta,

71 740 190 820 studia,
212 738 363 819 indolem,
387 744 451 818 aut,
475 739 502 804 si
525 737 586 804 hoc
607 740 711 805 minus
734 740 905 823 continget,
928 740 971 805 ad
993 740 1092 807 libros
1114 741 1212 808 Gellii

70 849 99 907 et
113 840 270 924 Diogenis
291 838 421 922 Laertii,
443 838 595 904 Fauorini
617 841 820 923 asseclarum,
842 846 898 906 aut
919 841 963 906 ad
977 841 1120 908 Platonis
1143 843 1210 909 dia·

67 945 173 1025 logos,
202 942 236 1006 in
258 940 372 1023 quibus
394 940 572 1007 Fauorinus
595 947 739 1007 uersatus
762 947 818 1009 est.
862 941 1042 1027 Apparebit
1064 964 1156 1028 uero,
1183 945 1210 1010 si

67 1044 125 1110 hos
147 1045 238 1110 locos
259 1042 446 1108 contuleris:

151 1144 277 1210 Aelian.
300 1163 329 1208 u.
347 1141 377 1206 h.
399 1143 424 1226 I,
450 1144 568 1224 1-13,
598 1162 700 1224 quae
729 1146 868 1227 capita
895 1146 944 1211 ad
968 1165 1106 1212 uocem
1129 1142 1210 1228 ζῷα

67 1245 279 1313 cuiusdam
300 1264 430 1310 rerum
452 1243 578 1309 lexiei
600 1253 722 1310 antea
743 1253 939 1312 reuocata
960 1243 1071 1332 sunt]

150 1347 203 1413 Ad
226 1345 365 1413 studia
386 1345 596 1411 naturalia
609 1346 762 1411 FauorIni
785 1348 1024 1431 comprobanda
1045 1347 1127 1414 haec
1141 1347 1211 1414 ido·

64 1470 127 1516 nea
147 1455 233 1516 sunt:
256 1448 380 1514 Gellius
395 1447 482 1529 XIV,
498 1448 518 1509 6
533 1446 725 1514 Nietzseheo
741 1450 915 1533 interprete
930 1451 971 1516 de
986 1450 1096 1516 indole
1111 1451 1211 1516 omni·

66 1571 171 1636 genae
192 1549 346 1616 historiae
367 1566 467 1630 agens
487 1541 543 1613 ‘At
558 1542 667 1632 quae',
690 1550 802 1632 inquit,
822 1544 881 1617 ‘ibi
896 1553 1015 1636 scripta
1030 1558 1130 1633 erant,
1152 1572 1211 1635 pro

66 1653 226 1736 Iuppiter,
257 1670 347 1716 mera
371 1651 541 1715 miracula!
558 1700 565 1715 .
583 1699 615 1714 ..
638 1651 715 1717 item
739 1659 770 1717 et
791 1653 865 1719 istic
887 1655 1039 1738 scriptum
1059 1654 1136 1736 fuit,
1153 1703 1160 1718 .
1178 1701 1210 1718 ..

68 1774 131 1838 qua
159 1755 285 1819 ratione
313 1752 496 1829 (Homerus)
526 1751 647 1817 dixerit
675 1754 817 1837 singulas
847 1755 989 1837 pecudes
1011 1756 1045 1819 in
1068 1754 1211 1837 singulos

65 1875 167 1922 annos
188 1861 280 1920 terna
300 1846 440 1937 parere’.
954 1872 956 1876 ³

150 1956 291 2022 Macrob.
315 1953 441 2020 Satum.
463 1954 521 2036 III,
547 1958 596 2037 18,
620 1957 674 2018 13;
696 1956 771 2020 Nux
793 1957 952 2022 terentina
973 1956 1104 2039 dicitur,
1128 1976 1212 2039 quae

64 2060 111 2123 ita
132 2057 240 2124 mollis
263 2062 325 2138 est,
348 2061 384 2120 ut
404 2057 461 2121 uix
483 2061 651 2121 attrectata
672 2055 844 2139 frangatur.
890 2056 940 2120 De
962 2059 1080 2138 qua-in
1101 2058 1212 2124 libro

66 2158 265 2224 Fauorini
287 2159 333 2224 sio
354 2159 519 2241 reperitur.
556 2157 637 2222 Item
661 2157 747 2238 quod
769 2157 900 2239 quidam
922 2157 1112 2224 Tarentinas
1134 2177 1212 2224 oues

67 2262 120 2326 uel
143 2278 241 2325 nuces
264 2258 382 2341 dicunt,
406 2274 488 2340 quae
511 2265 584 2325 sunt
604 2259 780 2323 terentinae
803 2278 824 2323 a
844 2266 964 2339 tereno,
988 2258 1075 2340 quod
1090 2266 1139 2325 est
1154 2257 1211 2324 Sa·

67 2362 215 2428 binorum
242 2360 352 2442 lingua
379 2360 492 2425 molle:
525 2359 610 2426 unde
638 2359 805 2425 Terentios
834 2375 961 2442 quoque
991 2359 1094 2426 dictos
1119 2365 1213 2443 putat

67 2464 170 2528 Varro
192 2460 235 2527 ad
256 2461 412 2527 Libonem
434 2462 547 2546 primo.
905 2457 907 2460 ’

153 2562 290 2630 Accedit
303 2560 400 2644 ‘quod
414 2561 592 2630 Fauorinus
606 2561 694 2647 apud
709 2561 849 2628 Gellium
861 2566 883 2640 1)
906 2561 947 2627 de
961 2563 1067 2629 uentis
1089 2582 1211 2630 eorum-

68 2685 131 2749 que
153 2664 338 2749 regionibus
360 2663 510 2747 disputat,
534 2671 566 2730 et
589 2665 674 2749 quod
696 2664 886 2731 Plutarchus
908 2684 979 2730 cum
1003 2664 1119 2731 librum
1133 2665 1212 2749 περὶ
1279 2677 1280 2680 ’

67 2763 437 2850 scarabaeosque&
461 2767 691 2851 conscriptum,
726 2768 780 2848 qui
807 2771 922 2845 restat,
952 2767 983 2832 ei
1008 2765 1211 2849 dedicauitl),

66 2868 223 2954 physicae
246 2886 319 2933 eum
342 2866 574 2949 disquisitionis
595 2869 749 2933 arbitrum
762 2869 904 2952 agnouit,
927 2867 1078 2950 idemque
1092 2887 1164 2933 eum
1178 2868 1212 2931 in
1342 2947 1349 2958 ¹

66 2970 209 3038 studium
231 2969 414 3034 Aristotelis
444 2974 477 3034 et
503 2971 632 3036 omnino
661 2971 694 3034 in
715 2970 870 3036 rationem
893 2969 1142 3052 Peripateticum
1164 2969 1210 3033 in·

65 3073 218 3138 cubuisse
240 3071 329 3137 testis
353 3074 442 3145 esth.
477 3071 624 3138 Ceterum
646 3070 681 3136 id
696 3090 824 3154 quoque
839 3069 901 3137 huc
915 3071 1080 3136 admoueri
1095 3074 1211 3153 potest,

65 3173 156 3258 quod
177 3170 383 3254 Plutarchus,
413 3192 476 3256 quo
498 3174 554 3238 ille
576 3173 776 3238 familiariter
797 3192 873 3239 usus
895 3178 958 3255 est,
987 3190 1028 3236 ne
1050 3173 1120 3254 ipse
1143 3170 1211 3251 qui-

64 3277 142 3342 dem
164 3294 185 3340 a
207 3275 446 3356 quaestionibus
468 3274 666 3340 naturalibus
681 3272 855 3356 abhorruit,
878 3275 906 3339 si
922 3271 1051 3356 quidem
1066 3270 1211 3336 libellum

64 3378 110 3443 de
132 3376 277 3443 sollertia
297 3376 484 3441 animalium
505 3377 547 3442 ab
570 3395 609 3442 eo
632 3375 842 3458 compositum
864 3373 1028 3440 habemus.
1066 3371 1156 3438 (lons.
1179 3380 1212 3439 et

63 3475 179 3562 Steph.
195 3476 273 3560 Byr.
289 3496 313 3542 s
328 3497 360 3542 u.
375 3477 551 3541 Βισαλτία.
573 3511 615 3522 -

153 3576 455 3661 V.h.11,34-3o,
480 3597 578 3661 quae
600 3578 641 3643 in
662 3577 738 3642 illo
760 3577 911 3659 lexico,
935 3576 1049 3642 cuius
1071 3582 1211 3642 auctor

61 3679 300 3767 quaeritur,
329 3699 400 3745 su.
422 3679 550 3762 γῆρας
576 3681 734 3745 inserta
754 3679 884 3744 fuisse
907 3672 1015 3762 dixi]
1059 3675 1213 3742 Condidit

58 3789 270 3804 ...————--

155 3848 178 3909 1)
196 3841 230 3906 II,
250 3846 290 3897 22.
361 3847 386 3909 2)
402 3843 496 3897 Moral.
511 3845 539 3897 11
556 3861 582 3914 p.
594 3849 643 3899 945
654 3843 739 3913 quq.
810 3847 837 3910 3)
854 3843 976 3912 Quaertt.
990 3859 1069 3900 corru.
1083 3841 1157 3907 VIII,
1170 3847 1210 3898 10.

976 3929 1005 3982 5*
1065 3960 1067 3965 .
