2714 4500
171 155 212 216 24
630 153 707 210 Felix
724 152 851 223 Rudolph

170 328 306 396 libidine
327 329 476 412 ferretur,
503 327 600 394 modo
629 326 690 392 hoc
712 325 807 393 modo
830 323 911 390 illud
933 324 1126 409 inspexerit,
1157 326 1247 392 unde
1270 348 1317 393 ua-

172 431 268 498 rietas
296 431 405 496 uariae
435 428 587 495 historiae
616 427 763 495 ducenda
792 433 855 511 est3
884 430 919 492 nt
946 445 1022 491 uero
1043 424 1132 491 idem
1154 427 1200 492 ad
1223 428 1318 496 libros

174 534 368 599 consultatos
390 550 537 598 reuersus
560 532 592 595 in
616 530 730 613 quibus
753 529 911 614 capitibus
934 526 1117 594 describens
1133 535 1235 595 antea
1249 550 1317 596 con·

172 635 314 717 stitIsset,
337 633 413 700 inde
436 653 477 699 ex
500 633 539 698 iis
556 631 736 699 describere
750 631 938 716 perrexerit,
962 629 995 694 in
1011 649 1072 712 quo
1088 630 1234 713 positum
1251 651 1318 698 esse

172 743 249 819 puto
264 735 345 800 illud
361 733 446 818 quod
462 734 679 816 cognorimus,
697 753 769 800 eum
785 733 839 797 uia
853 737 885 797 et
899 732 1023 797 ratione
1038 737 1221 814 grassatum
1240 753 1317 807 esse,

256 837 370 919 Neque
398 855 475 901 uero
504 834 628 901 scribae
657 834 756 900 instar
783 833 931 899 mercede
953 832 1101 899 conducti
1124 853 1209 916 quae
1233 834 1318 920 apud

171 939 264 1003 illum
293 939 416 1020 legerat
437 936 629 1002 uerbotenus
651 934 825 1018 transtulit,
853 934 911 1001 sed
928 933 1317 1100 mmeffltt'uhmissi}

122 1116 128 1124 ,
141 1036 350 1120 identidem
371 1036 539 1121 adspersit
577 1037 727 1104 Velutt
696 1037 792 1102 etiam
814 1036 904 1101 illam
927 1041 1092 1103 enumerat
1092 1037 1199 1102 ionem
1217 1036 1316 1103 homi·

72 1124 122 1204 s
172 1158 249 1204 num
278 1138 473 1205 ebriosorum
495 1159 553 1223 per
576 1158 610 1205 se
632 1138 862 1204 ieiuniosimam
885 1158 967 1221 quac
990 1139 1068 1204 est
1060 1158 1093 1202 ιιι
1115 1157 1145 1202 u.
1159 1138 1190 1204 h.
1207 1140 1251 1223 II,
1269 1145 1316 1226 41,

174 1260 269 1324 quam
291 1241 381 1308 uarie
404 1241 623 1324 conformauit,
648 1238 761 1305 hunc
753 1260 786 1304 ιιι
808 1239 938 1305 modum
955 1239 1081 1322 singula
1096 1189 1251 1325 exempla,
1264 1261 1316 1327 pe·

172 1343 325 1410 tulantiae
348 1349 531 1410 conectens:
561 1343 653 1405 τίθει
676 1335 759 1422 μετὰ
782 1337 908 1404 τούτων
929 1340 985 1404 καὶ
1001 1390 1009 1403 .
1026 1389 1034 1404 .
1051 1389 1059 1404 .
1076 1389 1084 1403 .
1101 1363 1138 1404 ον
1126 1331 1222 1427 χρὴ
1249 1333 1315 1409 άπὸ

172 1442 296 1509 τούτων
318 1441 474 1509 τάττειν.
492 1493 499 1508 .
517 1428 592 1509 ,κάὶ
617 1433 712 1518 οὗτος
735 1432 885 1524 άκριιτιῦς
907 1438 1008 1527 ἐδίψη
1032 1439 1124 1506 οἴνου
1139 1447 1255 1508 πίνειν
1268 1495 1276 1508 .
1289 1494 1315 1509 ..

172 1547 225 1610 ναὶ
258 1538 353 1623 οὗτος
382 1529 421 1632 ἦν
448 1547 508 1609 τοῦ
537 1548 647 1610 πίνειν
677 1542 866 1619 δοῦλος...
889 1543 944 1607 καὶ
974 1535 1070 1618 οὗτος
1098 1539 1157 1607 σὺν
1185 1542 1317 1622 τούτοις

171 1644 324 1727 τετάχθω
338 1696 345 1711 .
359 1697 366 1711 .
380 1693 388 1708 .
411 1646 463 1712 καὶ
489 1638 584 1721 οὗτος
600 1643 732 1710 εἴθιστο
750 1636 899 1729 άκροτιῦς
911 1695 918 1709 .
932 1695 940 1708 .
954 1695 961 1709 .
984 1648 1018 1709 τί
1032 1645 1148 1710 τοῦτον
1164 1642 1315 1730 ἐάσομεν,

171 1748 225 1812 καὶ
258 1743 380 1813 ἐκεῖνον
408 1759 500 1812 πιεῖν
530 1743 704 1831 γενόμενον
727 1743 850 1824 δεινάν;
876 1747 1033 1813 Nimirum
1054 1748 1204 1830 peritiam
1225 1769 1316 1817 suam

173 1850 325 1915 sermonIs
341 1848 457 1915 Gracci
480 1849 521 1914 ob
543 1848 577 1913 id
600 1849 704 1932 ipsum
726 1848 813 1933 quod
835 1849 867 1913 in
889 1869 927 1915 eo
942 1850 1052 1915 natiua
1065 1869 1129 1914 non
1145 1857 1215 1916 erat
1230 1851 1316 1919 illins

173 1952 280 2018 uerbis
302 1949 472 2034 mutandis,
496 1948 738 2033 amplificandis,
763 1950 963 2017 circueundis
986 1956 1017 2017 et
1039 1970 1190 2017 exercere
1214 1958 1246 2018 et
1267 1953 1315 2018 fir·

172 2071 261 2118 mare
284 2057 315 2118 et
336 2051 473 2135 probare
496 2051 625 2118 studuit.
659 2050 807 2118 Ceterum
831 2052 1006 2118 orationem
1029 2051 1189 2119 Athenaei
1213 2055 1255 2120 ab
1279 2076 1316 2122 eo
1351 2121 1353 2124 ,

172 2154 206 2219 in
228 2153 367 2219 deterius
390 2171 576 2219 conuersum
600 2172 670 2219 csse
692 2153 839 2220 contendi
855 2154 980 2238 nequit3
1002 2154 1246 2221 immolandam
1262 2156 1316 2222 ha·

172 2254 227 2320 bet
255 2255 480 2321 sententiarum
508 2254 737 2339 perspicuitas,
764 2257 797 2320 in
826 2276 889 2339 qua
912 2256 1104 2338 elaborauit,
1135 2257 1163 2322 si
1184 2258 1317 2339 quidem

173 2357 315 2422 salebras
345 2356 499 2439 quasdam
522 2358 555 2422 in
578 2357 692 2439 quibus
714 2357 800 2422 illius
822 2358 921 2423 uerba
943 2357 1075 2423 haerere
1097 2357 1226 2425 uiderat
1248 2361 1318 2445 ipse

171 2458 204 2523 in
227 2478 256 2522 u.
273 2457 304 2522 h.
328 2457 412 2539 VIII,
437 2459 488 2536 7¹)
512 2463 543 2523 et
564 2457 622 2541 IX,
649 2459 719 2535 132)
748 2459 890 2524 euitauit.
935 2459 979 2526 Ut
1007 2460 1103 2543 igitur
1131 2460 1164 2524 in
1189 2463 1317 2544 praefa-

174 2558 260 2623 tione
283 2556 355 2624 hist
379 2579 429 2623 an
454 2554 515 2642 ἐγώ
540 2556 721 2641 darnquit,
745 2555 877 2642 ἐμοοτῳ
898 2561 1011 2639 ταῦτα,
1035 2550 1099 2624 ὅσα
1122 2557 1248 2626 οἷόντε
1269 2547 1318 2648 ἦν,

173 2649 340 2741 ἀθροίσας
367 2660 420 2724 καὶ
444 2654 635 2744 περιβαλών
659 2651 773 2735 οιοτοῖς
794 2656 853 2745 τὴν
876 2658 1003 2747 σννάθη
1027 2659 1123 2740 λέξιν,
1146 2662 1320 2750 κειμήλιον

174 2782 230 2823 oca
253 2750 526 2825 ἀσπούδαστον
512 2762 694 2846 εκπονῆσαι
716 2765 932 2841 πεπίστευκα,
954 2764 1000 2829 ita
1021 2764 1074 2830 ad
1074 2765 1202 2831 uariam
1218 2765 1320 2834 histo·

172 2862 252 2927 riam
282 2861 533 2944 componendam
557 2861 597 2927 de
621 2883 677 2929 suo
701 2863 764 2929 duo
787 2863 892 2929 studia
913 2865 1083 2949 attulit,e
1066 2866 1266 2952 eteligendi
1288 2876 1321 2936 et

136 3044 139 3049 ¹
174 2963 317 3029 oratione
331 2964 464 3046 proprIa
478 2964 666 3030 edomandi.
700 2964 789 3043 Quae
806 2985 877 3032 cum
893 2967 938 3030 ita
953 2967 1024 3049 sint,
1049 2967 1186 3034 elocutio
1202 2972 1320 3037 saltem

136 3054 140 3127 Ϊ
173 3065 295 3130 maiore
325 3083 366 3130 ex
396 3072 486 3148 parte
510 3068 578 3133 cius
602 3072 666 3149 est,
696 3067 729 3133 id
753 3067 838 3150 quod
862 3069 894 3132 in
917 3066 1047 3132 dubium
1070 3071 1179 3134 uocari
1202 3075 1318 3154 potuit.

181 3230 215 3297 V.
238 3231 400 3296 Athenaeo
424 3254 490 3296 οιιιιι
512 3236 603 3296 cordo
626 3233 759 3298 historio
782 3244 963 3320 comparato
986 3235 1063 3319 qaid
1083 3237 1320 3303 decoctoribus

557 3335 685 3415 Aeliani
701 3336 940 3421 profecerimus.

258 3455 326 3518 Iam
348 3455 376 3520 is
391 3453 544 3527 Aelianus
568 3455 622 3537 qui
637 3455 837 3522 Athenaeum
854 3454 1013 3520 hominem
1028 3477 1132 3540 paene
1147 3462 1319 3542 aequalem

173 3554 259 3619 mala
280 3552 343 3620 fide
367 3557 527 3639 excerpsit
549 3555 635 3622 idem
657 3556 785 3622 sedulus
807 3556 1016 3640 inuestigator
1031 3558 1230 3640 antiquitatis
1246 3580 1319 3630 esse

262 3704 285 3763 1)
303 3701 371 3756 Dico
389 3705 474 3758 uerba
492 3709 537 3755 καὶ
554 3706 661 3774 ἐγένετο
678 3702 713 3757 τὰ
731 3701 828 3758 δεῖπνα
847 3702 914 3775 πρὸς
931 3701 1067 3778 σάλπιγγα
1085 3704 1157 3772 κτλ,
1183 3724 1266 3778 quac,
1286 3715 1319 3767 ut

174 3783 367 3840 obscuritatem
386 3801 478 3842 eorum
497 3803 566 3856 qnae
585 3789 658 3858 apud
675 3787 750 3843 illum
768 3788 933 3858 respondent
951 3789 1087 3859 effugeret,
1103 3790 1163 3859 ipse
1182 3793 1267 3849 finnt.

261 3872 286 3935 2)
305 3868 345 3924 Cf.
365 3873 450 3927 uerba
468 3872 491 3924 ai
511 3870 541 3925 δὲ
558 3869 671 3943 ἀφίκετο
687 3871 720 3927 τὸ
730 3871 807 3940 βέλος
818 3870 874 3928 κτλ.
893 3889 953 3929 cum
966 3875 1025 3928 loco
1039 3889 1159 3944 congruo
1173 3879 1318 3935 Athenaei.
