2714 4500
88 107 133 164 De
152 108 285 164 fontibus
303 110 400 179 quibus
411 109 541 166 Aelianus
559 110 589 165 in
606 110 683 166 uaria
694 110 808 166 historia
820 111 1006 180 componenda
1018 128 1083 169 usus
1096 113 1138 168 sit.
1175 114 1216 172 69

47 283 95 349 v.
112 280 148 346 h.
165 283 227 365 111,
244 285 274 366 ε,
293 287 341 366 10,
360 286 408 366 ιι,
424 284 464 346 30
487 279 641 367 (ερωςμ

49 383 125 467 ΙΙΙ,
151 387 192 447 9:
234 375 372 467 Ἐρῶντι
407 375 504 468 άνδρέ
528 384 624 470 Apud
640 384 849 452 Platonem
872 387 912 451 in
935 386 1119 451 conuiuii
1140 407 1215 471 pag.

52 507 112 560 τις
130 475 192 548 οὐκ
208 480 292 570 ἐρῶν
308 481 503 571 ἐπειγούσης
532 485 797 554 178EPhaedrus
805 508 947 554 amorem
960 487 1125 553 celebrans
1133 486 1215 554 haec

52 587 121 671 τῆς
145 583 254 672 μάχης
275 586 330 651 καὶ
347 583 502 671 συνάγον·
529 585 619 652 dicit:
649 579 777 652 Ταῦτὸν
800 586 952 652 δὲταῦτα
975 588 1028 651 καί
1052 585 1111 652 τὸν
1134 585 1216 672 ἰριο-

58 710 120 764 τσς
145 689 205 751 τοῦ
221 687 370 769 πολέμου
390 680 447 752 οὐκ
463 676 502 753 δίν
527 690 626 768 μένον
648 682 786 772 δρῶμεν,
814 680 868 754 ὅτι
891 685 1118 775 διαφερόντως
1139 687 1217 766 τούς

60 787 270 871 συμμίξειεν.
302 783 404 876 ὄχάρ
428 780 502 854 οἰνέ-
529 783 671 872 ἐραστάς
705 787 908 872 αἰσχύνεται,
942 780 1022 854 ὅταν
1055 782 1150 876 ὀφθῇ
1182 787 1216 855 ἓν

63 912 191 973 ραστος
213 887 328 976 φεύγει
343 892 398 956 καί
416 883 502 955 άπο-
530 887 655 974 αἰσχρῷ
676 915 743 955 τινι
757 885 813 956 ῶν.
838 889 868 956 εἰ
883 877 940 956 οὖν
954 889 1080 979 μηχανή
1096 916 1148 969 τις
1162 895 1215 977 χέ-

65 989 240 1078 διδράσκει
262 989 320 1056 τὸν
336 989 501 1074 ἐρωτικόν,
528 1013 619 1056 νοιτο
642 983 728 1057 ὥστε
749 991 850 1059 πάλιν
865 996 1024 1077 γενέσθαι
1038 981 1060 1080 ἢ
1075 987 1216 1078 στρατά-

68 1085 124 1158 άτε
139 1091 316 1179 βέβηλος
330 1094 399 1158 καί
412 1085 502 1158 άτέ-
527 1091 631 1156 πεδον
654 1089 801 1178 ἐραστῶν
824 1117 860 1158 τε
881 1095 937 1159 καὶ
958 1093 1134 1174 παιδικῶν,
1158 1088 1216 1160 οὐκ

69 1195 214 1271 λεστος
230 1195 279 1278 τῶ
291 1197 365 1279 θεῶ
376 1195 431 1259 καί
445 1219 502 1259 το·
529 1190 618 1258 ’ἐστιν
641 1185 736 1271 ὅπως
759 1183 799 1260 άν
822 1189 957 1278 άμεινον
974 1192 1142 1281 οἰκήσειαν
1156 1195 1216 1282 τὴν

70 1299 186 1362 τοῦτον
220 1287 385 1381 ἇνδρεῑος,
422 1288 502 1362 ὅσον
528 1292 653 1361 ἑαυτῶν
674 1285 695 1382 ἢ
711 1289 912 1378 ἀπεχόμενοι
926 1295 1063 1362 πάντων
1080 1300 1146 1363 τῶν
1162 1298 1215 1364 αἰ-

70 1391 156 1482 αάτηῖ
172 1397 228 1462 καί
250 1391 270 1482 ἡ
293 1395 381 1484 ψυχὴ
401 1410 504 1482 χωρεῖ
529 1399 635 1484 σχρῶν
649 1397 703 1463 καί
721 1396 995 1485 φιλοτιμούμενοι
1012 1396 1099 1486 πρὸς
1115 1392 1216 1487 άλλη-

68 1497 170 1566 καὶτὸ
185 1501 282 1581 σῶμα
297 1494 409 1586 ῥῶμης
421 1497 501 1580 ἐ’χει·
529 1499 613 1576 λους.
637 1505 679 1584 (p.
695 1503 768 1577 179)
782 1501 836 1564 καί
852 1498 1034 1582 μαχόμενοί
1048 1493 1077 1585 χ’
1089 1490 1129 1566 άν
1139 1494 1211 1584 μετ3

70 1601 194 1668 δέδοικε
203 1597 434 1688 δὲτδνέτερον,
445 1593 502 1666 άτε
528 1592 679 1686 ἀλλήλων
708 1599 740 1665 οἰ
764 1603 912 1666 τοιοῦτοι
934 1604 1049 1686 νικῶεν
1072 1597 1121 1680 άν,
1144 1595 1215 1669 ὄλλ-

71 1701 206 1769 ἰκθεοῦ
220 1698 367 1782 κατόχοις
382 1699 501 1767 ἰνθου-
526 1725 579 1787 χοι
608 1696 714 1781 ὄντες,
747 1696 792 1779 ῶς
821 1700 903 1778 έπσς
932 1701 1056 1784 εἰπεῖν,
1085 1703 1216 1782 πάντας

71 1807 204 1884 σιῶντα,
227 1804 282 1869 καὶ
306 1795 343 1868 αὖ
366 1801 413 1887 μὰ
431 1810 501 1869 Λέα
528 1796 741 1888 ἀνθρώπους.
769 1801 851 1890 ἐρῶν
873 1801 936 1889 γὰρ
952 1798 1033 1892 ἀνὴρ
1048 1801 1115 1872 ὑπὸ
1132 1833 1215 1873 παι-

67 1908 164 1971 τοῦτο
175 1903 214 1970 τδ
228 1898 502 1991 κοινδνέξἌρεος
528 1903 628 1970 δικῶν
651 1897 805 1992 ὀφθῆναι
819 1894 840 1991 ἢ
856 1902 965 1970 λιπῶν
980 1904 1074 1983 τάξιν
1088 1896 1110 1993 ἢ
1125 1899 1216 1974 ὅπλα

68 1999 135 2072 ἀλλ’
151 1998 335 2092 ἰξἜρωτος
345 2010 500 2090 μανέντα.
528 1998 710 2089 άποβαλῶν
739 1999 836 2091 ἧττον
867 1996 907 2071 ῶν
930 2005 968 2091 δή
992 2030 1059 2072 που
1083 2007 1214 2086 δέξαιτο

68 2109 99 2174 οἱ
114 2107 175 2191 μὲν
190 2105 253 2194 γάρ
270 2106 304 2172 ἐκ
318 2107 500 2196 τοῦἑτέρου
526 2095 547 2192 ἢ
569 2102 636 2172 ὑπὸ
667 2105 803 2172 πάντιον
829 2109 896 2172 τῶν
919 2101 1044 2187 άλλιον,
1068 2111 1123 2174 καί
1146 2110 1212 2197 πρὸ

65 2212 500 2297 τῶνθεῶνκατειλημμένοι,
526 2207 644 2273 τούτου
666 2206 830 2273 τεθνάναι
852 2197 892 2271 άν
914 2207 1078 2287 πολλάκις
1093 2209 1213 2278 ἕλοιτο.

66 2304 111 2376 ῶν
143 2309 200 2378 ἕνα
220 2302 395 2399 Ὅμηρός
424 2335 501 2398 φη·
525 2310 581 2375 καί
610 2306 674 2396 μὴν
697 2307 928 2395 ἐγκαταλιπεῖν
949 2332 985 2394 γε
1006 2308 1048 2375 τὰ
1071 2311 1213 2379 παιδικά

67 2404 501 2497 σινάμοιατῴἎρειμαί-
526 2400 547 2498 ἢ
574 2409 618 2500 μὴ
646 2413 819 2499 βοηθῆσαι
838 2409 1074 2492 κινδυνεύοντι,
1104 2407 1213 2492 οὐδεὶς

66 2518 205 2594 νεσθαι,
231 2505 308 2578 ἀλλ’
325 2511 445 2579 ἰκεῑνοέ
466 2537 503 2598 χε
527 2505 612 2578 σάτω
640 2511 739 2590 κακὸς
767 2504 881 2578 ὅντινα
911 2504 968 2577 οὐκ
998 2501 1037 2578 δν
1066 2506 1166 2591 αἰετὸς
1193 2512 1210 2582 ὁ

57 2613 103 2698 Ιἓξ
130 2613 204 2692 ἑνὸς
229 2617 501 2702 περιειλημμένοι
523 2608 627 2701 Ἔρως
649 2613 766 2681 ἔνθεον
794 2613 948 2701 ποιήσειε
975 2612 1062 2701 πρὸς
1085 2609 1213 2704 ἀρετήν,

66 2716 225 2800 δαίμονος
255 2702 289 2782 εἰ)
314 2718 371 2782 καί
393 2717 501 2793 καλῶς
526 2710 614 2781 ὥσθ’
640 2708 757 2800 ὅμοιον
780 2711 866 2782 εἰναι
888 2718 936 2801 τῶ
959 2708 1085 2804 άρίστηι
1102 2718 1211 2806 φάσει.

67 2812 283 2904 άγαινίζονται
332 2821 499 2898 τοσοῦτον,
525 2820 580 2884 καὶ
603 2811 746 2900 άτεχνῶς
768 2815 785 2883 δ
809 2816 885 2906 ἔφη
900 2809 1052 2904 Ὅμηρε
1060 2842 1092 2900 ς,
1114 2824 1213 2902 μένος

65 2913 146 2987 ὅσον
175 2920 354 2986 ἐνθουσιῶν
381 2913 501 2997 αὐτοὺς
526 2919 711 3003 ἐμπνεῦσαι
727 2917 828 2998 ένίσις
842 2923 908 2986 τῶν
919 2915 1037 3007 ἡρώιον
1048 2918 1107 2986 τδν
1117 2919 1211 3002 θεόν,

66 3015 173 3100 ἅπαξ·
209 3021 247 3087 οἱ
271 3020 290 3085 δ
297 3019 312 3085 ὲ
328 3013 502 3107 Ἔρωτος
525 3024 623 3088 τοῦτο
647 3016 785 3107 δ’Ἑραις
805 3034 877 3099 τοῖς
893 3018 994 3109 ἐρῶσι
1008 3024 1147 3107 παρέχει
1160 3046 1212 3107 χι·

63 3118 499 3209 βάκχσιπολεμοῦντεςκαί
525 3123 682 3211 χνόμενον
704 3116 786 3208 παρ’
807 3118 917 3188 αδτοῦ.
980 3170 982 3174 »
1145 3176 1147 3179 .

63 3222 131 3292 ὑπὸ
164 3227 223 3312 τῆς
245 3219 363 3311 ’Ἀρεος
396 3220 501 3313 ὁρμῆς
525 3229 649 3294 Platon.
667 3227 790 3294 oonuiu.
813 3247 845 3310 p.
862 3227 972 3291 2183:
1004 3224 1046 3290 Οἱ
1070 3223 1105 3289 δὲ
1126 3223 1212 3290 οἰκέ-

63 3330 120 3392 καί
135 3322 202 3392 ὑπὸ
219 3329 278 3414 τῆς
290 3320 433 3414 ’Ἑρωτος
449 3324 500 3392 ἰκ-
525 3352 591 3407 ται,
618 3329 673 3392 καὶ
698 3325 730 3392 εἰ
749 3349 801 3402 τις
824 3321 923 3403 άλλος
945 3324 1016 3392 ἐστὶ
1037 3327 1213 3415 βέβηλός

63 3428 213 3505 καάσειος
229 3427 351 3514 διπλῆν
367 3427 425 3515 τὴν
441 3430 500 3494 λα-
525 3453 567 3494 τε
589 3430 655 3494 καί
681 3422 890 3513 άχροικος,
913 3426 1022 3505 πάλας
1043 3426 1131 3494 πάνυ
1152 3455 1212 3513 με·

63 3534 179 3616 τρείαν
208 3523 430 3612 ὑπομένοντες
452 3530 500 3596 εἰ·
524 3528 628 3617 γάλας
650 3542 719 3605 τοῖς
741 3522 823 3595 ὠσὶν
846 3528 1026 3596 ἐπίθεσθε.

62 3630 171 3708 κάτως
203 3628 287 3695 κατὰ
319 3628 378 3717 τὴν
410 3637 500 3721 Κρη-
526 3634 649 3699 Platon.
666 3630 829 3699 Phaedon.
852 3654 926 3719 pag.
943 3633 1031 3700 690:
1054 3634 1123 3699 Καὶ
1142 3659 1211 3701 κιν-

63 3736 132 3799 τῶν
151 3730 281 3798 ἔννοιαν
295 3735 501 3818 κατορθοῦσι
526 3731 697 3799 δυνεάουσι
729 3733 785 3798 καὶ
816 3733 849 3799 οἱ
880 3733 941 3812 τὰς
971 3732 1106 3810 τελετάς
1132 3731 1211 3822 ἡμῖν

65 3835 181 3901 διπλῶ.
228 3827 342 3898 οὔκουν
381 3837 429 3920 τη]
467 3833 503 3914 ἰξ
526 3834 791 3922 καταστήσαντες
814 3827 851 3900 οὐ
874 3838 998 3924 φαῦλοί
1013 3860 1099 3913 τινες
1116 3832 1211 3918 εἰναι,
