2714 4500
121 231 168 287 De
183 231 304 286 sontibus
317 231 415 301 quihus
425 230 556 287 Aelianus
572 231 601 286 in
617 232 695 299 uaria
706 231 821 288 historia
833 235 1017 302 componenda
1028 255 1094 296 usus
1107 242 1150 296 sit.
1181 244 1239 304 101

183 402 320 488 Deinde,
343 404 370 472 si
385 393 438 468 ὅτι
453 405 672 488 epitomatom's
694 412 788 487 esset,
812 407 961 488 quoniam
983 407 1065 476 haec
1086 433 1151 480 uox
1166 424 1240 485 ante

91 505 145 570 111
152 555 161 589 ,
180 507 218 570 13
245 506 384 589 primum
409 507 561 589 occurrit,
591 526 662 572 eam
687 507 797 574 uariae
825 507 978 576 historiae
1006 517 1131 594 partem
1157 536 1240 599 quae
1312 538 1318 565 ι

93 606 172 673 huic
192 608 336 673 lemmati
356 607 517 674 antecedit
538 608 740 692 incolumem,
763 628 845 691 quac
864 610 1072 679 subsecuntur
1093 619 1241 688 mutilata

93 727 167 785 esse
190 715 386 793 sequeretur,
408 709 496 792 iique
518 728 598 792 quos
621 710 773 794 impugno
795 730 905 778 omnes
927 716 1149 783 necessitatem
1171 721 1240 789 eius

92 811 308 878 conclusionis
330 816 545 895 agnouerunt,
569 811 828 895 quandoquidem
850 813 958 880 Ioach.
977 816 1090 901 Kuhn,
1113 820 1239 906 Iacche,

91 912 318 978 Westermann
339 913 415 980 inde
429 912 547 979 abhoc
563 914 645 996 loeo,
668 913 812 980 Herchcr
823 914 845 990 1)
868 920 974 981 autem
998 919 1079 984 mira
1100 923 1240 1003 quadam

92 1018 368 1098 argumentatione
397 1035 472 1082 usus
501 1015 619 1081 iudea
639 1017 733 1099 l]],3
762 1017 923 1099 epitomen
951 1019 1092 1103 incipere
1113 1022 1239 1093 docent.

92 1116 164 1182 Iam
178 1135 256 1182 uero
272 1135 332 1198 ego
346 1136 411 1182 non
426 1121 492 1182 tam
507 1117 588 1183 hene
604 1118 747 1184 oculatus
768 1136 848 1200 sum,
871 1123 906 1183 ut
927 1120 1017 1185 uerbi
1040 1142 1138 1191 causa
1159 1128 1241 1196 inter
1289 1110 1298 1201 ι’

95 1218 203 1302 capita
223 1217 476 1283 111ιιίΙΠ1-12
500 1220 672 1285 et13-33
695 1225 750 1284 aut
771 1218 853 1284 inter
874 1220 1114 1307 11,1-111,2
1137 1237 1169 1294 et
1191 1251 1239 1296 se·
1287 1206 1292 1255 '³
1330 1229 1336 1247 ‘

96 1320 227 1402 quentia
253 1320 353 1385 ullum
381 1318 553 1386 discrimen
575 1320 727 1386 orationis
756 1340 949 1404 cognoscere
978 1325 1108 1407 possim.
1154 1328 1239 1407 Quid

96 1421 182 1504 quod
209 1421 307 1488 etiam
333 1421 367 1485 in
394 1440 433 1487 ea
457 1428 549 1504 parte
576 1441 659 1505 quae
688 1423 787 1506 capiti
815 1422 835 1486 l.
853 1422 935 1486 ΙΠ2
958 1426 1011 1490 uel
1029 1428 1067 1489 12
1096 1432 1240 1499 succedit

94 1525 201 1590 insunt
222 1523 290 1590 lere
310 1523 370 1587 XL
391 1527 578 1606 argumenta
592 1543 675 1606 quae
690 1524 821 1590 minime
836 1530 980 1592 truncata
996 1547 1066 1594 esse
1082 1550 1123 1596 ex
1137 1533 1239 1601 Hero-

96 1625 181 1709 doto,
203 1625 428 1709 Xenophonte,
451 1625 596 1708 Platone,
619 1625 769 1710 Isocrate,
784 1625 961 1712 Athenaeo,
985 1628 1125 1700 Stohaeo
1139 1656 1239 1721 appa-

95 1734 157 1811 ret,
186 1734 218 1794 et
240 1728 340 1793 multa
361 1721 427 1792 alia
448 1747 531 1810 quae
557 1747 616 1811 per
642 1747 677 1793 se
704 1728 955 1796 incolumitatem
985 1732 1129 1800 clamant.
1173 1737 1239 1804 No·

95 1849 169 1895 uum
192 1827 352 1912 quendam
375 1829 429 1894 isti
454 1828 577 1912 fingunt
598 1829 858 1913 epitomatorem,
888 1833 942 1914 qui
964 1833 1030 1899 alia
1051 1837 1159 1922 capita
1180 1840 1239 1905 cir·

97 1931 298 2015 cumciderit,
323 1930 389 1996 alia
409 1949 450 1996 ne
472 1931 505 1994 in
527 1936 696 2013 angustum
718 1939 847 2016 cogeret
867 1935 1019 2018 religiose
1041 1938 1239 2008 abstinuerit.

97 2033 159 2100 Gur
180 2034 219 2116 is,
243 2034 271 2099 si
294 2038 377 2114 erat,
399 2051 464 2097 non
486 2051 596 2098 omnes
618 2034 816 2100 narrationes
838 2034 947 2102 formis
970 2038 1170 2109 breuioribus
1193 2043 1239 2109 in-

84 2134 189 2202 dutas
214 2133 376 2200 inuidiosa
403 2132 462 2198 illa
482 2133 641 2215 particula
662 2132 847 2217 adornauit,
876 2143 911 2201 ut
932 2139 956 2201 ii
977 2139 1122 2207 fecerunt
1143 2144 1199 2225 qui
1222 2164 1240 2211 e

96 2237 238 2304 Diodoro
254 2239 407 2318 excerpta
426 2233 467 2299 do
488 2235 712 2318 legationibus,
735 2235 777 2301 de
798 2237 968 2304 uirtutibus
990 2241 1141 2324 uitiisque
1155 2264 1239 2310 eom-

94 2337 291 2423 posuerunt?
327 2336 390 2403 Our
411 2335 499 2402 idom
521 2336 731 2421 politissimos
754 2338 869 2420 cuique
892 2333 1065 2425 ἒκφράσει,
1089 2344 1178 2410 uelut
1199 2346 1239 2411 iis

96 2461 177 2524 quae
199 2440 241 2506 de
255 2438 406 2504 Atalante
428 2445 460 2504 et
482 2439 523 2505 de
537 2439 677 2522 Aspasia
698 2444 779 2522 sunt,
801 2441 970 2525 pepercit?
1005 2443 1120 2510 Mirum
1143 2465 1239 2528 quam

95 2547 293 2610 mansuetum
315 2542 346 2606 ei
367 2541 528 2607 inculcant
549 2541 722 2625 ingenium.

179 2642 338 2721 Quoniam
364 2642 570 2727 inpromptu
597 2648 661 2724 est,
691 2649 843 2725 quantam
871 2643 1079 2712 offensionem
1106 2648 1238 2714 istorum

97 2746 254 2814 sententia
268 2742 396 2826 haheat,
418 2744 483 2808 alia
505 2743 546 2808 sit
568 2743 717 2809 uocabuli
739 2734 792 2809 ὅτι
814 2746 1004 2828 significatio
1026 2767 1158 2818 necesse
1181 2758 1238 2819 est.

95 2848 245 2916 Aenum
273 2846 381 2912 forsan
409 2845 517 2928 placet
544 2845 630 2927 quod
657 2845 841 2913 Perizonius
870 2849 1026 2932 suspicari
1054 2871 1150 2918 ausus
1180 2859 1238 2938 est,

96 2949 265 3017 Aelianum
287 2950 393 3032 ipsum
408 2946 513 3012 studio
528 2947 694 3014 uarietatis
709 2967 810 3031 usque
831 2968 869 3015 eo
891 2958 1079 3033 prouectum
1101 2973 1180 3036 esse,
1204 2961 1239 3020 ut

95 3052 212 3118 nitidas
234 3050 417 3116 historiolas
440 3068 512 3114 cum
534 3049 656 3116 scabris
679 3048 790 3116 dedita
805 3072 904 3135 opera
917 3054 1103 3120 miscuerit?
1136 3055 1237 3121 Immo

96 3173 171 3221 uero
193 3154 259 3219 alia
280 3153 335 3218 uia
355 3171 419 3216 non
440 3155 545 3255 patet,
574 3151 636 3216 nisi
664 3153 831 3220 statuimus
858 3154 893 3219 id
917 3154 1002 3237 quod
1030 3155 1094 3220 iam
1115 3154 1239 3222 Gesner

96 3242 250 3349 autssos
273 3239 355 3318 328
357 3250 457 3319 annos
478 3250 615 3318 feliciter
637 3251 808 3338 dininauit,
838 3256 961 3321 uariam
982 3254 1148 3322 historiam
1174 3277 1238 3324 non
1325 3254 1330 3306 ’-

10 3416 15 3422 .
97 3376 165 3424 esse
128 3375 268 3460 opus
290 3354 481 3439 perfectum,
511 3353 569 3419 sed
590 3354 742 3421 materiae
765 3357 888 3423 collect'
866 3364 985 3424 tronem
1013 3356 1125 3422 suturis
1154 3360 1237 3426 curis

95 3448 297 3524 reseruatam.
321 3437 484 3571 lDebetur
511 3446 640 3521 illud⁰
620 3478 674 3519 οτι
703 3457 878 3541 Aeliano
869 3461 935 3559 ipsi
963 3458 1098 3553 lentium
1126 3460 1237 3528 uariae
1293 3496 1297 3503 ·

96 3547 330 3632 historiast
261 3559 330 3642 epit
330 3564 417 3623 omat
418 3556 475 3638 ori,
497 3559 552 3640 qui
568 3577 606 3625 eo
621 3559 797 3674 praemisso
818 3543 1006 3642 argumenta
1026 3559 1108 3625 inter
1128 3562 1237 3646 legon-

97 3627 228 3726 dum
193 3658 358 3743 probata
349 3679 382 3722 m
405 3658 561 3725 codicillis
584 3660 648 3726 suis
676 3659 888 3726 adumbrauit.
932 3661 1038 3744 Atque
1066 3682 1237 3747 aggressus

98 3762 227 3846 quidem
248 3759 333 3827 huno
361 3761 477 3827 librum
501 3762 624 3828 acriore
652 3762 749 3827 fuisse
779 3761 906 3828 uidetur
933 3763 1150 3832 formandit
1120 3767 1237 3853 studio,

183 3981 207 4044 l)
223 3976 288 4045 Pag.
299 3979 366 4034 VIII
383 3978 445 4033 edit.
464 3978 549 4034 Paris.
