2714 4500
135 205 193 262 me
595 203 818 273 uerunuuorpn

216 375 448 460 Philosophum
477 376 672 441 Fauorinum
700 377 733 441 in
751 382 880 442 'octauo
906 375 987 464 libro
1009 374 1176 440 Athenaei
1198 372 1289 439 ‘haec

131 497 259 560 quoque
288 476 456 544 historiola
478 479 679 560 comprobat:
707 498 739 561 p.
757 480 863 541 354e:
898 467 955 540 οάκ
978 467 1147 561 ἀχαρίτως
1171 473 1208 538 δὲ
1231 476 1289 538 καὶ

131 582 297 664 Σφαῖρον,
327 573 385 642 τὸν
409 575 659 657 συσχολάσαντα
680 576 740 659 μὲν
763 580 960 661 Χρυσίππῳ
982 573 1077 662 παρὰ
1100 574 1287 655 Κλεάνθει,

131 676 372 761 μετάπεμπτον
396 676 432 742 δὲ
453 676 628 762 γενόμενον
651 677 699 755 εἷς
720 671 971 763 Ἀλεξάνδρειαν
999 673 1065 742 ἀπὸ
1093 681 1155 742 τοῦ
1183 683 1287 760 βασι-

132 781 215 856 λέως
229 780 454 862 Πτολεμαίου,
476 784 617 866 κηρίνων
640 779 723 844 ποτὲ
745 777 779 845 ἓν
800 782 849 864 aqi
871 778 996 865 δείπνῳ
1019 781 1286 864 παρατεθεισῶν

132 875 298 967 ὀρνίθων,
328 877 518 946 ἐκτείναντα
543 878 604 957 τὰς
630 894 742 966 χεῖρας
765 879 985 967 ἐπισχεθῆναι
1008 875 1073 946 ὑπὸ
1098 884 1158 947 τοῦ
1182 886 1286 963 βασι-

133 984 225 1063 λέως,
248 978 294 1059 ιδς
316 981 436 1063 ψεύδει
454 986 788 1067 συγκατατιθέμενον.
820 980 878 1049 τὸν
902 975 935 1047 δ’
955 976 1119 1065 εὐστόχως
1142 976 1285 1070 ἀποφή-

132 1089 261 1151 νασθαι
284 1083 423 1150 εἰπόντα
446 1076 483 1148 οὗ
506 1082 613 1169 τούτῳ
637 1088 957 1168 συγκατατίθεσθαι,
980 1077 1033 1150 ὅτι
1056 1083 1141 1152 εἰσὶν
1160 1079 1284 1169 ὄρνεις,
1336 1110 1339 1115 ·

133 1178 209 1251 ἀλλ’
236 1178 289 1252 ὅτι
312 1180 446 1271 εάλονόν
470 1183 541 1250 ἔστι
568 1184 692 1262 ταύτας
719 1179 828 1270 ὄρνεις
857 1181 952 1250 εἶναι.
991 1185 1209 1273 διαφέρειν
1241 1185 1284 1250 δὲ

131 1284 202 1372 τὴν
224 1285 536 1375 καταληπτικὴν
560 1289 800 1374 φαντασίαν
822 1288 895 1351 τοῦ
919 1279 1107 1372 εάλόχου·
1136 1285 1197 1374 τὴν
1220 1287 1284 1369 μὲν

131 1387 193 1474 χάιρ
217 1381 444 1474 ἀδιάψευστον
460 1385 556 1468 εἶναι,
578 1386 616 1454 τὸ
635 1381 667 1453 δ’
686 1382 819 1473 εάλοχον
835 1382 944 1464 ἀλλως
959 1381 1168 1472 ἀποβαίνειν.
1201 1391 1285 1456 Ver-

132 1497 220 1557 satur
235 1493 268 1556 in
284 1492 467 1558 discrimine
490 1493 717 1558 sententiarum
740 1492 780 1557 de
801 1492 954 1558 facultate
976 1491 1284 1577 comprehendendi.

67 1663 68 1667 ¹
131 1591 311 1676 Pyrrhonei
340 1595 425 1660 enim
451 1600 482 1659 et
504 1593 546 1658 de
568 1593 608 1658 iis
631 1593 686 1674 qui
708 1613 729 1658 a
751 1599 840 1677 parte
864 1601 1011 1678 quartae,
1040 1615 1136 1677 quam
1158 1594 1284 1677 dicunt,

131 1693 336 1760 Academiae
353 1695 480 1760 stabant
501 1695 596 1776 longe
618 1694 748 1776 plurimi
770 1695 885 1777 menti,
915 1696 1033 1779 quippe
1063 1715 1145 1778 quae
1174 1715 1284 1778 neque

132 1813 241 1879 perse
257 1795 432 1877 quidquam
448 1801 612 1878 praestare
634 1801 743 1877 posset
765 1802 797 1861 et
819 1797 925 1862 omnia
942 1798 1082 1862 externis
1104 1803 1201 1880 atque
1223 1797 1284 1862 ad-

132 1896 280 1961 uenticiis
296 1897 473 1961 uisionibus
489 1894 630 1980 deberet,
654 1896 838 1962 facultatem
860 1899 928 1962 ueri
951 1897 1127 1981 indagandi
1149 1900 1285 1966 omnino

134 1990 370 2063 abiudicabant.
416 1996 535 2062 Contra
556 1995 657 2063 Stoici
679 2018 845 2063 commune
867 1998 1022 2064 iudicium
1043 1998 1209 2064 hominum
1232 2022 1286 2067 se-

133 2100 198 2163 cuti
221 2103 365 2180 eaquae
388 2098 534 2164 sensibus
562 2105 723 2183 percepta¹
740 2105 830 2164 erant
858 2120 916 2182 pro
944 2100 1088 2166 ueritatis
1118 2098 1287 2168 habebant

133 2201 270 2267 criterio.
314 2201 494 2266 Fauorinus
521 2219 599 2265 uero
628 2202 661 2265 in
688 2199 750 2265 hac
771 2201 938 2282 prouincia
958 2200 1185 2285 philosophiae
1213 2204 1287 2269 fere

133 2304 203 2368 sola
226 2309 257 2368 et
279 2309 442 2384 tamquam
463 2321 522 2366 sua
537 2301 724 2367 elaborauit.
760 2300 845 2366 Nam
865 2302 940 2368 libri
963 2303 1031 2367 eius
1053 2300 1287 2388 philosophici,

131 2406 187 2486 qui
210 2404 341 2487 quidem
363 2403 429 2468 noti
452 2406 540 2484 sunt,
563 2402 605 2467 ad
627 2423 725 2468 unum
748 2422 875 2485 omnes,
904 2409 936 2468 et
958 2407 1180 2489 Πυρρωνείων
1203 2406 1288 2490 τρό-

131 2528 207 2569 ποιν
224 2502 316 2589 λόχοι
335 2502 355 2569 ι’
364 2505 384 2582 ¹)
408 2510 440 2570 et
461 2499 676 2586 Πλούταρχος
691 2490 712 2586 ἢ
726 2504 806 2587 περὶ
827 2505 885 2589 τῆς
897 2495 1138 2591 Ἀκαδημαϊκῆς
1160 2504 1287 2571 διαθέ-

133 2627 227 2689 σεως,
252 2615 284 2672 et
304 2602 392 2691 πρὸς
406 2596 613 2690 Ἕπίκτητον,
637 2613 669 2670 et
691 2599 913 2691 Ἀλκιβιάδης,
937 2613 969 2671 et
990 2601 1077 2691 πρὸς
1094 2598 1286 2695 Ἀδριανόν,

133 2715 166 2774 et
193 2703 281 2789 πρὸς
302 2704 484 2791 Λρύσωνα,
514 2713 546 2772 et
572 2702 660 2790 πρὸς
682 2697 896 2792 Ἀρίσταρχον
925 2708 969 2773 ad
995 2704 1184 2793 κατάληψιν
1211 2731 1286 2796 per·

132 2809 278 2875 tinebant
288 2808 321 2884 2).
355 2809 462 2890 Atque
476 2806 520 2872 ad
536 2827 607 2873 eam
623 2809 891 2891 contemptionem
910 2809 1021 2875 iudicii
1037 2828 1187 2875 sensuum
1210 2833 1287 2895 pro·

133 2911 246 2993 cessit,
275 2916 373 2975 utne
395 2910 496 2974 solem
520 2910 650 2992 quidem
674 2908 994 2993 comprehensibilem
1017 2930 1087 2976 esse
1111 2913 1288 2980 contende-

133 3019 182 3078 ret
191 3014 224 3089 3).
259 3011 460 3094 Quamquam
476 3009 562 3075 idern
577 3031 642 3077 non
656 3011 774 3092 ubique
797 3011 859 3076 sibi
881 3012 1037 3094 constitit;
1060 3013 1093 3076 in
1108 3012 1287 3082 Plutarcho

134 3115 248 3180 saltem
269 3133 339 3179 esse
362 3111 486 3194 aliquid
508 3112 595 3194 quod
615 3110 738 3195 liquido
762 3113 912 3196 cognosci
933 3117 1043 3196 posset
1064 3113 1192 3180 uidetur
1210 3137 1288 3183 eon-

134 3215 269 3281 cessisse
280 3216 313 3290 ⁴¹).
352 3212 438 3291 Quid
460 3215 560 3279 uero?
594 3214 707 3280 Nonne
731 3213 811 3278 illud
830 3211 988 3278 Athenaei
1009 3213 1052 3278 ad
1074 3213 1157 3281 hane
1179 3218 1287 3285 Fauo-

132 3317 196 3381 rini
208 3315 440 3380 dubitationem
455 3315 562 3381 iocose
578 3314 800 3381 illustrandam
814 3315 928 3380 mirum
941 3321 1093 3398 quantum
1110 3321 1286 3384 conuenit?

132 3416 269 3481 Accedit
290 3414 377 3499 quod
399 3417 502 3499 ipsam
525 3417 614 3481 illam
636 3411 884 3500 καταληπτικὴν
899 3419 1089 3501 φαντασίαν
1105 3418 1140 3481 in
1155 3421 1287 3504 scriptis

133 3516 287 3582 Fauorini
314 3516 557 3582 usitatissimam
579 3518 683 3600 iisque
705 3536 808 3601 paene
833 3517 997 3601 propriam
1019 3518 1117 3584 fuisse
1140 3519 1288 3588 Galenus

134 3615 225 3679 testis
247 3624 311 3697 est,
340 3618 373 3681 in
402 3619 476 3683 libri
505 3618 557 3683 cui
585 3637 701 3684 nomen
730 3624 778 3683 est
805 3618 885 3702 περὶ
907 3609 1044 3704 ἀρίστης
1066 3616 1291 3699 διδασκαλίας

224 3767 246 3828 1)
266 3765 333 3818 Gell.
343 3765 391 3830 XI,
402 3772 425 3828 5,
437 3771 460 3819 5.
488 3765 614 3820 Philostr.
625 3765 673 3818 uit.
684 3765 760 3833 soph.
772 3766 793 3830 I,
805 3770 819 3819 8
837 3769 874 3832 (p.
886 3770 953 3831 208).
983 3767 1025 3821 Di.
1037 3767 1086 3822 La.
1097 3767 1146 3830 IX,
1157 3773 1198 3822 87.

221 3851 246 3910 l)
266 3849 325 3902 Gal.
345 3855 407 3918 περὶ
423 3845 510 3921 ἆριστ.
524 3846 629 3902 διδασκ.
647 3866 673 3918 p.
687 3854 743 3904 131.
814 3855 840 3916 3)
856 3850 923 3905 Ibid.
942 3867 969 3918 p.
982 3856 1029 3906 131
1048 3852 1106 3905 init.
1126 3860 1153 3906 et
1173 3859 1229 3919 138,
1245 3863 1291 3914 17.

220 3936 245 3996 q
264 3932 331 3986 totu.
349 3937 496 4002 p.131,18.
712 3952 714 3957 ⁴
