2714 4500
85 268 88 273 ·
145 241 187 295 De
205 241 325 296 fontibus
344 239 441 310 quibus
454 239 585 294 Aelianus
600 239 629 325 in
642 238 720 294 uaria
731 239 844 294 historia
857 239 1042 308 componenda
1054 254 1119 294 usus
1132 239 1174 295 sit.
1204 238 1266 297 129

118 413 322 496 Πλουσίαις,
353 413 535 496 Aristippus
559 406 593 475 ἐν
615 412 663 494 τῴ
685 408 832 495 τετάρτῳ
848 410 933 494 περὶ
955 410 1106 497 παλαιᾶς
1126 413 1270 499 τρυφῆς,

118 513 343 597 Xenophontis
373 510 576 593 συμπόσιον,
605 508 801 595 Σωκράτους
828 503 1011 595 ἀπολογία,
1041 511 1151 596 Κύρου
1181 535 1265 579 παι-

121 614 210 700 δεία,
234 617 377 682 Platonis
400 614 555 679 πολιτεία
578 621 609 679 et
631 610 743 697 νόμοι,
771 615 918 698 dialogus
940 634 1036 697 quem
1057 615 1264 684 Antisthenes

119 716 244 782 Σάθων
260 718 430 801 inscripsit.
467 716 589 782 Eadem
605 716 857 782 testimoniorum
871 716 1041 782 multitudo
1057 717 1190 800 ‘propria
1216 724 1265 784 est

119 819 280 885 Athenaei
302 819 500 885 sermonibus
522 817 752 900 conuiualibus,
775 835 854 898 quos
877 816 920 882 ad
942 818 1143 900 omnigenam
1166 818 1263 886 histo·

119 922 199 985 riam
215 921 365 987 recedere
381 927 477 1004 supra
488 917 690 984 statuendum
701 924 778 1001 erat,
796 938 836 983 ex
851 918 924 984 aliis
938 925 1105 1003 praeterea
1120 926 1263 988 ueterum

119 1023 210 1088 libris
233 1024 321 1087 nulli.
366 1021 519 1086 Aelianus
542 1025 648 1086 autem
672 1026 823 1104 congesta
844 1020 902 1084 illa
923 1021 1111 1103 scriptorum
1133 1023 1263 1090 nomin'a

88 1189 90 1193 ,
119 1125 152 1187 in
175 1126 297 1188 uariam
319 1123 484 1188 historiam
505 1123 650 1205 recipere
673 1123 800 1188 omnino
823 1126 1009 1204 aspernatus
1027 1128 1083 1187 est.
1106 1158 1147 1167 —
1170 1124 1263 1191 Nunc

119 1226 183 1289 iam
205 1225 429 1308 intellegimus,
452 1223 529 1307 quid
545 1223 606 1289 sibi
622 1224 702 1289 uelit
716 1223 849 1308 Gellius,
873 1243 944 1288 oum
967 1242 1008 1288 ex
1030 1225 1138 1290 multis
1161 1232 1192 1292 et
1214 1246 1262 1293 re·

119 1327 213 1391 motis
236 1326 427 1391 lectionibus
449 1325 652 1407 omnigenam
675 1323 840 1391 historiam
863 1322 1030 1390 conflatam
1051 1326 1150 1392 luisse
1172 1327 1261 1394 dicit.

204 1428 288 1492 Dein
309 1427 486 1491 Fauorinus
508 1431 621 1509 parata
642 1426 700 1491 illa
721 1426 973 1492 testimoniorum
997 1427 1088 1509 quasi
1111 1430 1261 1512 congerie

118 1549 208 1594 suum
232 1529 385 1593 iudicium
408 1528 536 1610 saepius
555 1526 725 1610 adiciebat,
748 1534 844 1610 atque
860 1547 898 1593 eo
915 1527 1044 1611 quidem
1060 1530 1204 1613 consilio,
1226 1537 1262 1595 ut

118 1631 360 1696 Homerieorum
383 1631 482 1695 instar
504 1629 558 1710 qui
582 1627 707 1693 λυτικοὶ
729 1630 925 1695 uocabantur
946 1631 1075 1712 aporias
1098 1631 1259 1697 enodaret.

117 1732 225 1797 Veluti
240 1729 464 1814 Xenophontis
485 1730 692 1811 Platonisque
714 1736 855 1795 mutuam
876 1730 1069 1796 simultatem
1091 1739 1261 1817 postquam

117 1834 275 1917 exemplis
305 1852 346 1897 ex
374 1833 517 1915 ipsorum
545 1832 760 1898 uoluminibus
788 1832 896 1914 petitis
929 1831 1092 1916 probauit,
1125 1839 1160 1899 ut
1192 1843 1261 1901 erat

117 1937 280 2018 utriusque
302 1932 488 2018 philosophi
510 1933 698 2016 admirator,
728 1934 773 1998 ita
795 1934 958 2024 explicare
982 1934 1112 2001 conatus
1135 1943 1198 2018 est,
1226 1945 1261 2003 ut

111 2030 320 2120 ‘parilitatem
343 2025 494 2100 uirtutum
516 2035 598 2099 inter
614 2054 648 2100 se
664 2035 886 2117 consimilium,
909 2035 1033 2101 etiamsi
1049 2039 1260 2105 contentionis

116 2138 255 2203 studium
280 2144 311 2202 et
332 2137 479 2201 uoluntas
494 2136 587 2218 absit,
611 2136 751 2218 speeiem
770 2142 877 2200 tamen
895 2136 1117 2202 aemulationis
1133 2130 1256 2205 creare'

116 2240 211 2315 (Gall.
233 2239 319 2320 XIV,
336 2241 382 2320 3),
413 2237 549 2319 illosque
572 2232 795 2317 αἰσθομένους
816 2237 875 2320 της
897 2232 986 2310 ἰδίας
1007 2232 1159 2320 ἑκάτερον
1182 2230 1259 2322 άρε-
1321 2273 1323 2277 ⁴

116 2342 174 2426 της
195 2340 275 2422 περὶ
303 2341 476 2423 πρωτείων
499 2336 725 2423 διαφέρεσθαι
753 2336 838 2413 (Ath.
854 2337 903 2401 XI
928 2358 954 2403 e.
970 2340 1042 2413 112)
1070 2340 1258 2406 sumendum

115 2463 186 2509 esse
210 2442 338 2506 diceret.
381 2522 384 2526 ι

201 2544 305 2609 Etiam
321 2543 484 2625 Diogenes
506 2543 587 2607 tales
602 2541 730 2623 aporias
752 2540 945 2604 aFauorino
968 2540 1088 2607 solutas
1112 2541 1257 2610 exhibet:

200 2646 237 2728 V,
256 2649 283 2727 1,
301 2649 336 2709 5:
366 2637 402 2708 ‘0
425 2634 457 2705 δ’
477 2627 533 2706 οὖν
557 2633 787 2728 Ἀριστοτέλης
813 2636 923 2704 ἐλθών
952 2637 1000 2715 εἷς
1028 2637 1088 2717 τάς
1110 2634 1258 2728 Ἀθήνας

113 2746 168 2809 καὶ
184 2749 261 2829 τρία
280 2743 365 2830 πρὸς
380 2755 451 2821 τοῖς
467 2743 544 2809 δέκα
559 2745 618 2828 τῆς
633 2742 751 2828 σχολῆς
767 2734 1022 2828 ἀφηγησάμενος
1043 2740 1098 2830 ἐ’τη
1115 2739 1257 2831 ὑπεξῆλ-

114 2851 176 2910 θεν
201 2844 248 2922 είς
269 2845 439 2924 Χαλκίδα,
467 2837 711 2930 Εὐρυμέδοντος
734 2835 833 2907 αὐτὸν
854 2845 913 2907 τοῦ
937 2842 1134 2929 ἱεροφάντου
1164 2845 1261 2934 δίκην

115 2940 269 3031 ἀσεβείας
295 2949 526 3032 γραψαμένου,
556 2934 576 3030 ἢ
604 2945 863 3032 Δημοφίλου,
893 2936 945 3022 ὥς
974 2966 1077 3033 φησι
1108 2952 1256 3031 Φαβω-

114 3062 227 3135 ρῖνος
250 3046 289 3113 έν
311 3074 348 3113 π.
366 3048 398 3127 λ,
421 3045 603 3134 ἐπειδήπερ
618 3044 676 3112 τὸν
692 3038 792 3129 δμνον
808 3043 947 3134 ἐποίησε
963 3044 1010 3122 είς
1023 3045 1082 3111 τὸν
1097 3052 1257 3136 προειρη-

113 3155 213 3233 μένον
231 3145 395 3236 Ἑρμείαν.

198 3254 283 3335 VIII,
299 3258 325 3335 l,
343 3258 381 3317 47
405 3253 446 3319 de
461 3251 658 3336 Pythagora:
678 3243 975 3336 Ἐρατοσθένης
998 3247 1034 3313 δέ
1050 3270 1143 3336 φησι,
1165 3250 1253 3318 καθὸ

112 3355 166 3418 καὶ
193 3357 437 3436 Φαβωρῖνος
459 3349 492 3417 έν
513 3354 554 3438 τῇ
576 3344 675 3438 ὀγδόη
699 3374 735 3416 π.
761 3350 783 3416 ί.
806 3353 1035 3436 παρατίθεται
1059 3352 1091 3430 (i.
1108 3372 1135 3418 e.
1151 3354 1255 3423 Fauo·

113 3457 199 3522 rinus
222 3462 350 3521 auctore
372 3454 611 3540 Eratosthene),
634 3455 752 3518 τοῦτον
775 3447 861 3517 εἶναι
881 3448 938 3517 τὸν
960 3453 1125 3536 πρῶτον
1148 3450 1254 3537 ἐντέχ-

114 3579 177 3631 νως
199 3554 427 3621 πυκτεύσαντα
450 3552 508 3620 ἐπὶ
529 3557 587 3642 τῆς
608 3552 662 3642 μη’
677 3546 904 3634 Ὀλυμπιάδος
925 3553 992 3618 κτλ.
1017 3603 1072 3617 ...
1096 3557 1212 3621 τοῦτον
1235 3553 1252 3624 ὃ

116 3655 363 3743 Φαβωρῖνός
386 3678 469 3744 φησι
491 3647 583 3740 ὅροις
608 3653 803 3742 χρησασθαι
826 3651 896 3721 διὰ
917 3657 987 3742 τῆς
1008 3658 1253 3744 μαθηματι-

112 3763 182 3846 κῆς
204 3751 317 3845 ὅλης,
342 3755 399 3823 ἐπὶ
422 3758 525 3823 πλέον
549 3756 584 3823 δὲ
601 3753 777 3841 Σωκράτην
799 3757 853 3822 καὶ
876 3753 952 3832 τοὺς
975 3753 1086 3842 ἐκείνῳ
1107 3759 1253 3846 πλησιά·

89 3874 92 3879 “
113 3883 243 3941 σαντας,
266 3862 321 3926 καὶ
342 3857 426 3943 μετὰ
441 3851 536 3924 ταῦτ’
554 3851 783 3944 Ἀριστοτέλην
799 3859 853 3924 καὶ
869 3855 945 3935 τοὺς
959 3856 1134 3937 Στωικούς.
1168 3853 1252 3926 ἀλλὰ

111 3961 175 4050 μην
197 3966 252 4029 καὶ
273 3960 332 4028 τὸν
355 3956 494 4049 οὐρανὸν
517 3963 679 4048 πρῶτον
701 3950 867 4042 ὀνομάσαι
892 3958 1015 4043 κόσμον
1037 3959 1172 4049 κοίτην
1193 3965 1253 4051 γῆν

161 4071 278 4125 Leipzigor
290 4073 389 4116 studim.
410 4073 457 4117 VII.
1034 4064 1048 4114 9
