2714 4500
103 160 143 220 90
551 183 552 187 ¹
567 158 646 215 Felix
663 158 790 228 Rudolph
1252 40 1292 295 Ὢ

103 331 225 421 σοφόν·
255 328 401 395 Πλάτων
423 328 459 396 δὲ
481 324 520 396 od
543 353 636 418 φησι.
680 333 749 398 Iam
771 338 819 398 tot
839 333 1028 417 scriptorum
1055 331 1180 398 nomina
1202 279 1238 358 ad

102 458 198 503 unam
223 455 292 501 rem
320 433 520 517 probandam
546 455 567 499 a
596 455 658 517 quo
686 435 790 519 primo
818 440 946 500 auctore
974 434 1145 518 composita
1176 394 1267 548 (ἢ

101 537 220 623 putas?
252 537 367 604 Utrum
380 536 472 601 libris
488 534 638 618 Sotionis,
654 535 845 618 Heraclidis,
862 534 1062 619 Pamphilae,
1080 497 1244 601 Nearss
1266 521 1292 643 'h

100 640 298 722 Aristotelis,
327 638 471 703 Platonis
494 637 631 704 euolutis
657 659 677 704 a
699 638 846 722 Diogene
867 637 962 722 ipso?
991 643 1025 703 at
1047 642 1115 703 erat
1140 606 1274 720 soffl
1284 699 1292 742 ς

103 742 307 827 eompilator;
329 760 371 804 an
385 760 405 805 a
417 739 581 806 Demetrio
596 741 649 806 uel
663 740 777 806 Dioole
788 739 1014 824 Magnetibus?
1038 739 1093 822 qui
1108 757 1190 821 quan
1288 810 1292 821 1

103 844 233 927 quidem
255 847 329 907 ante
351 840 553 925 Pamphilam
581 842 745 925 aixerunt,
775 861 846 907 eam
875 863 938 909 non
966 847 1139 927 potuerunt
1165 816 1289 907 eof

103 964 296 1027 memorare;
319 963 359 1009 an
375 963 395 1008 a
410 941 605 1026 Pamphila?
635 943 693 1010 sed
716 949 747 1009 et
769 944 810 1009 ab
832 944 991 1010 industria
1013 963 1078 1027 qna
1096 961 1136 1008 ea
1151 902 1292 1037 norff⁴

103 1046 281 1131 composita
295 1051 368 1112 sunt
382 1046 511 1129 ingenio
529 1043 694 1111 abhorruit
715 1065 819 1129 neque
842 1046 1049 1112 nomenoius
1071 1046 1156 1110 inter
1177 1057 1275 1110 aur?

101 1156 187 1216 tores
208 1149 324 1213 allatos
345 1148 411 1212 ullo
432 1147 528 1212 modo
552 1149 677 1214 eminet.
714 1148 911 1215 Dednoimur
932 1147 1030 1230 igitur
1051 1145 1095 1212 ad
1118 1141 1292 1230 seriptrss

102 1269 170 1316 rem
185 1250 240 1332 qui
255 1249 337 1314 inter
351 1248 445 1314 huius
461 1254 493 1314 et
504 1249 664 1331 Diogenis
678 1252 866 1316 memoriam
880 1252 948 1314 nita
967 1245 1292 1333 sphilosophorun5

102 1352 288 1435 exposuerit
309 1350 344 1416 id
367 1355 415 1415 est
436 1351 616 1417 neoessario
639 1351 681 1415 ad
703 1352 908 1418 Fauorinum.

187 1452 341 1518 Similiter
369 1452 571 1518 statuendum
599 1459 648 1519 est
675 1453 716 1520 de
738 1454 790 1518 Di.
805 1453 862 1519 La.
877 1454 909 1538 I,
927 1454 983 1517 68:
1018 1447 1106 1536 πρός
1127 1473 1165 1515 τε
1194 1447 1249 1516 τὸν
1264 1466 1292 1487 “

103 1551 248 1641 ἀδελφὸν
274 1552 503 1640 δυσφοροῦντα
532 1544 586 1619 ὅτι
613 1551 657 1640 μή
688 1551 810 1640 ἐ’φορος
839 1551 982 1639 ἐγένετο,
1013 1544 1116 1622 αὐτοῦ
1145 1545 1249 1631 ὄντος,

99 1652 179 1742 ‘dyol
209 1655 269 1739 μὲν
297 1653 359 1741 γὰρ
389 1649 600 1738 ἐπίσταμαί,
635 1651 729 1721 εἶπεν
757 1658 813 1734 (se.
837 1656 930 1724 chilo
953 1655 1250 1738 Lacedaemonius),

99 1751 318 1836 ςἀδικεῖσθαι,
342 1755 381 1821 οὐ
405 1755 441 1820 δὲ
464 1749 532 1821 οὔ).
568 1760 679 1841 γέγονε
701 1756 737 1822 δὲ
759 1756 881 1845 ἔφορος
902 1754 985 1822 κατὰ
1007 1753 1068 1842 τήν
1090 1778 1250 1842 πεντηκο-

103 1856 182 1944 στήν
204 1862 362 1944 πέμπτην
379 1850 607 1937 Ὀλυμπιάδα·
630 1861 796 1946 Παμφίλη
814 1859 851 1924 δέ
866 1880 950 1946 φησι
963 1854 1048 1923 κατὰ
1070 1854 1130 1944 τήν
1146 1854 1249 1944 ἕκτην.

101 1961 158 2025 καὶ
180 1962 315 2045 πρῶτον
337 1957 459 2047 ἔφορον
481 1962 640 2043 γενέσθαι
662 1957 720 2025 ἐντὶ
736 1954 946 2049 Εὐθυδήμου,
970 1952 1016 2036 ὥς
1038 1980 1124 2047 φησι
1141 1962 1250 2024 Σωσι-

101 2060 231 2146 κράτης
263 2062 319 2127 καὶ
334 2063 470 2147 πρῶτος
485 2059 681 2149 εἰσηγήσατο
697 2059 840 2149 ἐφόρους
854 2075 925 2139 τοῖς
939 2062 1116 2145 βασιλεῦσι
1138 2085 1249 2147 σαρα-

103 2157 280 2250 ζευγνύναι.
316 2165 403 2244 Quid
421 2164 521 2230 uero?
555 2164 640 2230 Num
655 2166 834 2251 Diogenem
855 2172 944 2231 tanta
959 2164 1128 2247 diligentia
1150 2165 1247 2230 fnisse

102 2269 260 2352 opinaris,
288 2273 323 2333 ut
343 2267 387 2333 ad
409 2267 495 2333 istud
523 2269 676 2352 temporis
705 2267 859 2333 indioiom
888 2267 1065 2332 aoouratius
1096 2265 1246 2332 definien-

103 2371 178 2435 dum
200 2369 390 2453 Pamphilae
412 2371 657 2436 commentarios
680 2367 866 2435 euolueret?
910 2368 1010 2433 Immo
1039 2387 1117 2434 uero
1148 2367 1184 2433 hi
1210 2369 1244 2434 ob

102 2472 136 2537 id
158 2474 263 2556 ipsum
286 2470 372 2554 quod
394 2477 609 2536 memorantur
631 2470 751 2537 abillo
773 2490 837 2536 non
859 2471 995 2554 inspeeti
1018 2475 1100 2536 sunt.
1146 2470 1244 2536 Fauo-

101 2575 205 2639 rinum
219 2580 326 2640 autem
341 2574 479 2639 olamant
499 2573 599 2638 uerba
620 2572 676 2636 καὶ
697 2572 863 2656 πρῶτον
887 2568 1010 2658 ἔφορον
1031 2573 1195 2655 γενέσθαι
1211 2605 1244 2617 -

63 2723 64 2726 ¹
101 2674 158 2738 καὶ
179 2675 267 2758 ντριῦ
275 2696 345 2748 τος
367 2669 566 2759 εἰσηγήσατο
590 2670 731 2760 ἐφόρους
743 2675 775 2750 1).

185 2776 332 2858 Denique
348 2774 435 2840 haud
449 2776 531 2840 lenis
554 2777 705 2842 momenti
727 2782 775 2842 est
796 2774 882 2858 quod
903 2775 932 2840 is
953 2774 1008 2857 qui
1027 2780 1158 2857 praeter
1173 2775 1247 2841 Dio·

100 2896 215 2962 genem
238 2877 324 2943 solus
345 2877 523 2959 fragmenta
545 2876 735 2961 Pamphilae
757 2877 913 2956 seruauit,
944 2875 1086 2958 Gellius,
1118 2882 1150 2943 et
1179 2878 1248 2961 ipse

99 2982 224 3046 assecla
247 2984 315 3043 erat
335 2979 498 3062 Fauorini,
522 2972 607 3044 ‘eum
630 2998 693 3061 quo
715 2979 837 3044 Romae
860 2977 930 3044 dies
952 2979 1144 3061 plerumque
1166 2984 1251 3045 totos

101 3072 181 3147 erat’
207 3099 366 3163 quemque
393 3081 509 3144 mirum
538 3086 690 3162 quantum
718 3080 853 3146 alleotus
880 3072 1023 3162 ‘quoquo
1052 3081 1114 3146 iret
1137 3100 1248 3164 seque·

99 3173 248 3257 batur’o.

657 3266 694 3330 B.

183 3386 290 3468 Atque
315 3384 359 3450 ad
388 3384 638 3468 omnigenam
668 3385 797 3466 quidem
826 3382 1044 3450 historiam
1071 3387 1246 3455 Fauorinus

100 3486 303 3572 Pamphilam
317 3485 474 3552 adhibuit.
506 3485 654 3568 Namque
669 3487 726 3551 illa
740 3486 893 3551 Fauorini
908 3486 950 3552 de
965 3487 1156 3560 Periandris
1172 3511 1247 3560 oom-

98 3589 262 3671 mentatio,
283 3588 318 3652 in
333 3607 397 3671 qua
412 3607 452 3653 ea
465 3589 654 3673 nominatur,
678 3587 767 3654 etad
788 3585 906 3653 indieis
927 3589 1179 3663 similitudinem
1199 3613 1247 3661 ex·

98 3710 210 3774 pressa
225 3695 274 3755 est
296 3695 328 3754 et
349 3688 392 3753 ad
414 3686 623 3773 homonymos
644 3689 798 3772 pertinet;
821 3688 903 3755 haee
924 3697 1035 3758 antem
1057 3694 1101 3763 de
1118 3697 1248 3766 (thilone

99 3792 143 3858 ad
165 3791 355 3856 inuentores.

100 3893 303 3904 ..----

186 3927 210 3988 1)
226 3921 294 3976 Vide
311 3936 339 3988 p.
351 3925 383 3975 52
393 3936 433 3988 sq.
520 3924 546 3987 2)
564 3921 632 3976 Gall.
644 3921 717 3989 XVI,
727 3925 752 3989 3,
764 3927 786 3976 1.
