2714 4500
102 194 139 251 ιε
480 203 481 206 ¹
561 195 640 250 sem
658 195 786 265 surorpn

100 370 230 438 tricibus
259 369 357 434 uariis
386 369 451 434 suis
480 368 652 434 immiscuit
674 388 745 434 cum
766 369 822 435 illo
845 390 908 436 non
930 370 1091 436 cohaeret.
1139 370 1250 454 Neque

99 473 183 539 enim
210 469 296 553 quod
318 489 348 534 u.
362 468 393 534 h.
416 469 490 552 XII,
514 475 532 533 5
555 470 652 536 tradit
674 471 769 536 Laidi
791 490 967 553 cognomen
990 471 1117 536 Axinae
1142 472 1249 554 fuisse,

99 593 159 648 nec
188 572 274 655 quod
296 571 371 653 XII,
398 575 434 633 17
458 569 499 636 de
522 571 636 635 Lamia
657 577 689 637 et
711 572 894 654 Demetrio,
917 591 977 638 nec
1000 571 1087 655 quod
1109 572 1188 655 XII,
1212 575 1249 636 62

99 675 140 742 de
156 673 337 740 Archedica
359 673 491 753 eiusque
514 679 666 755 amatore,
688 693 748 739 nco
772 673 859 756 quod
873 674 999 756 XIII,9
1023 673 1064 739 de
1080 673 1199 739 Lamia
1221 680 1249 739 et

99 774 282 860 Lysandro,
305 792 409 856 neque
432 771 518 854 quod
540 773 629 857 XIII,
654 777 694 838 33
717 774 758 840 de
781 774 1017 841 Psammetioho
1041 780 1073 840 et
1095 773 1248 859 Rhodopi

99 879 196 944 refert
218 896 259 942 ex
280 874 448 941 Athenaeo
471 874 577 941 habet.
613 875 706 954 Quod
729 884 836 943 autem
858 877 931 942 u.h.
947 877 1037 959 XIII,
1061 879 1101 960 32
1126 877 1169 944 de
1194 877 1247 943 So·

100 980 195 1045 cratis
219 998 290 1043 cum
305 974 475 1042 Theodota
498 982 530 1042 et
545 976 678 1043 Callisto
701 979 922 1045 meretricibus
938 979 1098 1060 colloquio
1115 979 1247 1046 affertur

99 1078 319 1146 tantummodo
341 1078 458 1161 partim
481 1098 552 1144 cum
567 1078 642 1144 Ath.
658 1079 739 1143 XIII
748 1095 792 1163 ”p.
810 1080 901 1145 used
924 1087 956 1146 et
971 1080 999 1144 V
1013 1101 1045 1164 p.
1062 1082 1150 1146 22οε
1176 1101 1246 1147 con·
1285 1114 1287 1151 !

99 1183 174 1248 ferri
204 1186 318 1265 potest.
362 1179 431 1244 Iam
461 1179 489 1245 si
517 1180 609 1245 illum
637 1181 753 1246 librum
775 1181 1035 1248 luculentissimis
1058 1181 1245 1248 facetiarum
1285 1164 1287 1255 A

99 1284 366 1364 lasciuIarumque
396 1282 497 1364 copiis
520 1282 705 1348 instructum
730 1282 875 1348 manibus
898 1279 1054 1365 triuisset,
1085 1285 1245 1366 quomodo
1285 1276 1287 1383 l

98 1385 168 1452 fieri
189 1385 309 1469 potuit,
332 1390 383 1466 ut,
407 1403 479 1448 cum
502 1384 631 1467 saepius
654 1382 695 1449 de
718 1384 786 1450 istis
810 1384 1004 1451 mulierculis
1027 1392 1155 1467 ageret,
1181 1392 1244 1451 tan·
1285 1392 1287 1443 Ι

98 1495 164 1552 tum
187 1506 282 1552 unam
305 1485 456 1551 fabellam
480 1483 555 1550 inde
578 1484 788 1570 excerperet?
1285 1484 1287 1517 ⁵

184 1586 307 1665 Quodsi
329 1588 445 1652 librum
468 1587 628 1653 decimum
650 1588 777 1654 tertIum
793 1607 856 1653 non
872 1587 1073 1670 consultauit,
1097 1595 1244 1671 quartum
1285 1598 1287 1675 j

97 1691 257 1757 decimum
280 1688 320 1752 ab
344 1707 383 1754 eo
406 1707 476 1754 esse
492 1689 669 1773 inspectum
685 1687 772 1754 haud
787 1689 832 1754 ita
847 1690 915 1754 ueri
932 1696 979 1756 est
994 1691 1110 1756 slmile.
1149 1690 1254 1782 Cuius·
1285 1678 1287 1715 ¹

98 1813 170 1860 cum
198 1790 317 1874 pagina
340 1789 429 1853 643f.
454 1791 631 1874 comparari
654 1797 759 1874 potest
781 1810 811 1856 u.
832 1789 860 1855 h.
884 1791 941 1874 XI,
968 1793 1023 1873 12,
1054 1812 1244 1876 quamquam
1281 1834 1284 1839 -

98 1915 162 1960 non
185 1892 271 1959 omni
294 1910 335 1956 ex
358 1897 450 1973 parte
473 1892 626 1975 congruit.
661 1894 744 1958 Nam
766 1913 838 1959 cum
854 1889 1002 1960 Socrates
1017 1894 1059 1959 ab
1074 1893 1244 1961 Alcibiade

98 1996 279 2080 placentam
303 1992 478 2058 obtinuisse
502 2000 534 2059 et
556 1993 608 2059 hic
631 2001 663 2060 et
686 1996 752 2061 illic
773 2001 933 2078 narretur,
964 1994 1051 2079 apud
1073 1994 1244 2063 Aelianum

98 2098 179 2164 haec
209 2100 350 2162 exstant:
381 2087 399 2179 ἡ
431 2094 667 2180 Ξανθίππη
699 2096 830 2184 ῥίψασα
862 2092 1007 2175 (suado
1037 2095 1244 2176 πλακοῦντα)

99 2197 133 2264 ἐκ
162 2199 221 2262 τοῦ
249 2197 349 2261 κανοῦ
381 2192 654 2281 κατεπάτησε.
691 2193 870 2280 γελάσας
904 2195 945 2261 δὲ
978 2193 995 2261 ὁ
1026 2197 1245 2288 Σωκράτης

104 2292 239 2379 Οὐκοῦν,
263 2297 336 2386 ἔφη,
361 2289 438 2363 οὐδὲ
461 2295 501 2363 σύ
522 2295 688 2381 μεθέξεις.
722 2288 819 2383 Apud
841 2299 1056 2367 Athenaeum:
1080 2297 1118 2365 ὃν
1142 2303 1247 2372 Ξαν-

99 2408 270 2489 θίππης
292 2397 639 2487 καταγελασάσης
661 2399 678 2465 ὃ
704 2397 879 2487 Σωκράτης
900 2392 1041 2483 Οὐκοῦν,
1065 2398 1148 2489 ἔφη,
1175 2397 1248 2468 aridi

99 2504 139 2570 σὺ
154 2501 310 2587 μεθέξεις
324 2499 452 2566 τούτου.
475 2503 579 2585 Magis
595 2503 787 2568 conueniunt
803 2502 870 2568 uh.
883 2503 970 2587 XIV,
983 2505 1023 2567 23
1040 2510 1071 2569 et
1082 2504 1159 2571 Ath.
1174 2507 1249 2572 XIV

99 2630 130 2693 p.
148 2608 273 2672 catf—
284 2607 380 2686 blla,
404 2604 459 2668 ubi
481 2603 617 2687 legimus
633 2603 771 2670 Cliniam
786 2602 1024 2694 Pythagoreum
1040 2612 1072 2672 et
1086 2607 1249 2676 Achillem

99 2711 180 2774 iram
210 2706 333 2773 cithara
362 2705 476 2771 sedare
505 2705 616 2771 solitos
640 2725 720 2771 esse.
748 2741 790 2750 —
819 2706 937 2773 Contra
960 2707 1145 2792 discrepant
1169 2712 1250 2778 inter

99 2831 134 2877 se
164 2828 247 2891 quae
268 2812 436 2892 praeterea
459 2807 594 2872 conferri
617 2814 750 2892 possunt
771 2828 801 2873 u.
818 2806 848 2872 h.
872 2809 928 2889 III,
953 2811 992 2872 20
1016 2816 1048 2875 et
1069 2809 1147 2876 Ath.
1173 2813 1265 2887 XIV⁴

99 2933 130 2996 p.
147 2914 208 2974 657
217 2912 271 2977 bc.
306 2907 386 2974 Cum
409 2908 493 2973 enim
509 2909 685 2975 similitudo
703 2908 815 2975 horum
831 2910 973 2975 locorum
990 2912 1022 2976 in
1038 2930 1076 2977 eo
1093 2922 1249 2998 uersetur,

100 3020 134 3080 ut
161 3032 219 3078 rex
248 3010 574 3078 Lacedaemoniorum
602 3011 634 3075 in
663 3018 780 3077 terram
807 3013 1048 3078 transmarinam
1078 3014 1250 3100 ablegatus
1283 3019 1287 3032 '

99 3116 188 3182 cibos
218 3112 375 3197 quosdam
404 3112 608 3179 delicatiores
638 3113 702 3197 Ipsi
731 3113 854 3179 oblatos
877 3112 1064 3196 repudiasse
1092 3124 1124 3183 ct
1146 3119 1249 3186 seruis

99 3217 170 3283 dari
193 3216 323 3282 iussisse
345 3215 513 3298 utrobique
535 3215 688 3299 tradatur,
713 3214 765 3281 hIc
786 3234 844 3280 rex
867 3215 954 3298 apud
975 3215 1179 3285 Athenaeum
1204 3227 1250 3287 est

99 3318 270 3402 Agesilaus
285 3315 427 3384 Thasum
452 3317 576 3399 missus,
599 3318 632 3380 in
653 3318 743 3382 traria
757 3316 891 3382 historia
913 3317 1079 3400 Lysander
1101 3320 1134 3384 In
1157 3322 1250 3389 Ionia

100 3427 249 3487 moratus.
284 3419 336 3484 Ad
359 3420 534 3486 extremum
558 3439 587 3483 u.
600 3418 631 3482 h.
647 3419 704 3502 111,
722 3421 761 3482 30
785 3424 817 3482 et
839 3417 912 3483 Ath.
929 3419 1005 3484 XIV
1023 3440 1053 3503 p.
1070 3423 1163 3488 baad
1187 3444 1249 3490 non

99 3524 270 3588 concinunt
291 3521 354 3587 nisi
376 3521 504 3586 nomine
522 3520 679 3586 Amoebei
702 3517 890 3585 citharoedi.

187 3620 248 3699 Qui
272 3630 386 3689 octauo
408 3623 490 3688 libro
513 3642 585 3688 cum
607 3622 697 3686 uaria
713 3621 846 3688 historIa
862 3628 910 3688 est
925 3641 1096 3690 consensus
1112 3624 1164 3693 his
1180 3625 1249 3692 fini-

101 3725 160 3790 bus
188 3727 381 3791 contiuetur:
412 3725 589 3806 conspirat,
617 3730 651 3789 ut
673 3722 758 3807 dixi,
782 3722 857 3789 Ath.
881 3724 958 3790 VIII
979 3746 1009 3809 p.
1034 3725 1152 3792 calab
1176 3747 1249 3794 cum

101 3846 131 3890 u.
145 3824 176 3889 h.
192 3825 230 3907 V,
247 3829 276 3908 9,
300 3826 355 3890 ubi
377 3831 521 3891 narratur
535 3826 750 3907 ArIstotelem,
774 3831 945 3909 antequam
967 3826 1195 3912 philosophiae
1216 3849 1250 3896 se

100 3927 275 4010 addiceret,
298 3928 459 4011 stipendia
480 3928 635 3994 meruisse
658 3934 690 3994 et
710 3926 995 4013 pharmacopolam
1010 3929 1117 3996 fuisse.
1150 3931 1251 3998 Nulla
