2714 4500
102 153 161 214 108
560 154 637 209 Felix
656 152 783 223 Rudclph

184 325 306 405 Quodsi
322 327 499 394 Fauorinus
515 346 753 410 nonnumquam
769 323 898 392 easdem
913 343 963 390 res
985 323 1140 390 tractauit
1162 329 1195 389 et
1217 324 1250 390 in

100 431 271 513 omnigena
298 426 432 495 historia
455 435 486 495 et
509 428 541 494 in
562 428 777 495 miscellaneis
800 427 902 493 solute
924 425 1151 509 indigesteque
1175 446 1250 492 con·

99 532 240 614 scriptis,
270 531 302 595 in
331 530 388 596 illa
416 550 523 596 curam
546 529 703 597 adhibens
726 529 776 595 his
799 528 925 595 uidetur
946 519 1027 594 usus¹
1044 546 1126 594 esse.
1165 528 1251 592 Tum

98 632 186 716 quod
211 651 241 697 u.
257 629 289 696 h.
305 632 347 715 II,
363 634 488 696 34-36
512 637 544 697 et
564 631 808 715 111,a,1o‚1n,
839 649 922 713 quae
943 634 1134 713 argumenta
1156 630 1249 696 libris

97 734 250 800 Fauorini
272 733 313 798 de
335 739 497 804 senectute
527 739 559 799 et
586 732 627 798 de
648 739 717 798 arte
739 731 869 799 amandi
892 730 1056 797 Socratica
1084 731 1249 814 inscrIptis

99 836 251 919 deinceps
266 835 470 918 respondent,
493 855 557 901 non
578 835 619 899 ab
643 835 682 900 iis
705 834 793 917 ipsis,
817 832 875 899 sed
892 833 934 898 ab
954 833 1126 915 omnigena
1148 831 1249 898 histo·

98 939 162 1022 ria,
195 942 231 1002 ut
259 936 354 1003 credo
366 938 403 1019 ¹),
437 937 538 1021 petita
566 941 653 1018 suut,
686 935 729 1001 ad
758 934 853 1014 hane,
871 935 1085 1020 suspicionem
1114 933 1249 999 deduci·

99 1060 185 1123 mur,
214 1038 408 1105 Fauorinum
431 1056 514 1120 quae
535 1042 630 1102 antea
652 1036 778 1120 scriptis
806 1035 1020 1120 singularibus
1042 1035 1250 1118 exposuisset

100 1145 318 1208 senescentem
346 1140 524 1224 generatim
551 1137 831 1222 comprehendisse
854 1138 887 1203 iu
909 1138 1078 1221 omnigena
1099 1135 1247 1204 historia.

99 1243 191 1308 Hanc
212 1248 286 1326 post
307 1242 551 1309 commentarios
573 1240 751 1306 confectam
780 1259 851 1306 esse
880 1259 920 1306 ex
950 1259 987 1306 eo
1018 1239 1129 1322 colligi
1158 1238 1247 1321 licet,

100 1344 186 1426 quod
200 1343 335 1427 Gellius,
359 1363 431 1411 cum
452 1343 685 1409 commentariis
707 1342 924 1426 praeceptoris
946 1342 1010 1407 iam
1032 1341 1066 1404 in
1084 1340 1247 1424 prioribus

98 1445 190 1510 libris
206 1464 281 1512 usus
297 1446 339 1512 sit
348 1446 385 1529 ²),
409 1445 450 1511 de
467 1444 651 1512 cadomum
672 1465 702 1508 n.
718 1444 757 1510 A.
772 1444 859 1526 XIV,
875 1447 894 1508 6
917 1449 1077 1525 tamquam
1099 1441 1141 1507 de
1163 1441 1246 1507 libro

99 1553 195 1612 antea
216 1566 280 1612 non
302 1548 429 1629 cognito
452 1548 534 1631 agit,
564 1546 713 1630 idemque
736 1566 808 1612 eam
837 1550 1064 1611 commemorat
1091 1543 1125 1607 in
1153 1562 1246 1627 prae·

21 1667 22 1670 ¹
99 1647 228 1728 latione,
252 1667 347 1730 quam
363 1647 483 1715 idcirco
499 1647 585 1731 quod
600 1649 719 1715 liberos
735 1668 808 1715 suos
831 1648 877 1712 ibi
899 1645 1021 1712 inducit
1042 1650 1077 1709 ut
1099 1645 1247 1711 discendi

100 1767 235 1832 capaces
257 1753 635 1814 anteannos150-155
658 1750 797 1816 scribere
813 1769 876 1814 non
891 1748 995 1832 potuit
1004 1749 1038 1825 3).
1072 1746 1143 1825 Quo
1167 1753 1246 1813 tem·

101 1850 188 1932 pcris
212 1849 316 1932 spatio
338 1848 517 1916 Fauorinus
539 1857 645 1917 aetate
669 1852 829 1917 conlectus
852 1855 929 1916 erat.
972 1849 1058 1914 Nam
1082 1854 1174 1915 natus
1198 1857 1247 1915 est

102 1951 267 2016 minimum
296 1949 408 2016 decem
438 1953 530 2019 annis
559 1941 634 2019 aute
662 1951 825 2018 Herodem
853 1950 993 2017 Atticum
1002 1954 1041 2034 ⁴),
1076 1951 1097 2016 i.
1120 1956 1246 2016 eante

98 2073 219 2119 annum
237 2054 342 2130 101⁵).
377 2053 515 2121 Accedit
529 2054 616 2138 quod
638 2053 829 2139 compendia
851 2060 923 2136 post
944 2053 1043 2118 libros
1065 2053 1246 2135 peculiares

100 2155 239 2222 edoctis
255 2156 403 2239 componi
418 2157 530 2222 solent.
566 2156 614 2223 Ac
634 2176 675 2222 ne
697 2156 778 2222 illud
794 2155 932 2238 quidem,
956 2153 1042 2236 quod
1057 2152 1138 2238 dixi,
1162 2174 1245 2220 com-

99 2257 303 2324 mentationis
326 2257 405 2342 περὶ
422 2254 529 2344 γήρως
550 2259 723 2344 inscriptae
745 2259 779 2323 in
801 2257 970 2339 omnigena
991 2254 1127 2321 historia
1149 2276 1245 2338 quae·

101 2359 177 2424 darn
197 2359 299 2424 frusta
320 2360 490 2443 exstitisse,
513 2359 577 2426 huc
598 2361 682 2426 male
704 2357 848 2442 quadrat.
1189 2436 1191 2440 .

185 2460 254 2525 Iam
276 2460 303 2526 si
325 2480 436 2527 uerum
452 2468 500 2529 est
514 2483 535 2527 a
549 2481 625 2528 sene
641 2461 800 2528 Fauorino
822 2460 1015 2542 farraginem
1037 2459 1126 2524 illius
1148 2459 1245 2525 lexici

102 2560 273 2629 conflatam
294 2580 379 2647 esse,
408 2563 477 2630 fieri
501 2564 629 2631 omnino
657 2583 720 2629 non
747 2563 866 2647 potuit,
895 2562 972 2645 quin
999 2561 1042 2644 is,
1072 2566 1245 2644 antequam

103 2665 184 2730 alios
206 2664 309 2728 fontes
331 2663 452 2748 adiret,
476 2685 550 2732 suas
572 2666 677 2751 potius
701 2685 779 2748 quas
802 2665 872 2749 ipse
901 2663 1021 2747 passim
1050 2661 1245 2748 disperserat

104 2765 268 2830 doctrinae
291 2764 399 2847 copias
422 2765 455 2830 in
477 2786 549 2832 eam
570 2767 709 2833 inferret.

265 2945 356 3010 XVI.
393 2947 447 3010 De
469 2954 630 3033 omaipeaa
652 2951 785 3014 historia
808 2951 964 3014 Athenaei
973 2949 1081 3032 sonte.

651 3089 680 3154 A

186 3203 292 3287 Atque
314 3210 349 3268 ut
371 3206 425 3287 qui
448 3213 521 3290 post
543 3207 616 3273 Chr.
640 3229 669 3274 n.
693 3209 819 3275 fuerunt
847 3206 1070 3292 lexicographi
1100 3214 1133 3273 et
1156 3207 1244 3275 scho-

101 3308 216 3374 liastae
238 3304 280 3371 ad
301 3304 475 3391 Didymum
496 3310 549 3374 uel
571 3309 614 3375 ad
635 3310 828 3377 Pausaniam
842 3309 1032 3393 Aeliumque
1054 3309 1245 3394 Dionysium

102 3415 157 3474 aut
179 3410 266 3492 ipsos
289 3416 344 3474 aut
365 3411 439 3475 aliis
461 3411 643 3477 auctoribus
666 3411 861 3496 interpositis
883 3412 1033 3479 recedere
1056 3413 1180 3496 solent,
1202 3413 1245 3477 ita

103 3526 305 3536 ————

190 3569 213 3629 1)
230 3562 299 3617 Vide
316 3577 342 3630 p.
355 3565 395 3613 71.
472 3563 497 3624 2)
516 3561 690 3630 Pagtosqq,
761 3564 787 3627 3)
811 3560 840 3615 Si
863 3561 970 3630 quidem
992 3560 1051 3631 ipse
1069 3561 1145 3617 eirca
1162 3576 1244 3617 annos

105 3651 237 3703 120-125
255 3648 334 3700 natus
352 3648 401 3698 cst,
472 3648 497 3702 rt
514 3644 641 3700 Philostr.
656 3645 704 3699 uit.
717 3643 794 3714 soph,
807 3645 854 3711 I,8
874 3644 907 3699 de
924 3645 1076 3704 Fauorino:
1096 3642 1245 3715 ἐπιτηδειό-

102 3747 183 3785 τατος
203 3733 253 3797 μὲν
271 3721 320 3782 οὖν
336 3725 443 3800 Ἡρώδῃ
465 3730 506 3795 τῷ
529 3730 645 3802 σοφιστῇ
669 3731 774 3801 ἐγένετο
799 3726 963 3785 διδάσκαλόν
984 3750 1015 3785 τε
1037 3727 1180 3803 ἡγουμένῳ
1202 3736 1245 3784 καὶ

103 3820 235 3884 πατέρα
256 3819 302 3866 καὶ
324 3811 390 3883 πρὸς
413 3810 498 3866 αὐτὸν
517 3812 652 3884 γράφοντι
674 3809 752 3868 κπότε
769 3830 799 3865 σε
816 3812 868 3868 ἴδω
886 3823 932 3870 καὶ
949 3815 1017 3872 πότε
1034 3834 1083 3870 σου
1102 3817 1244 3890 asparago

101 3900 132 3955 τὸ
151 3894 260 3965 σ’τὸμα’.
331 3901 355 3960 5)
373 3897 482 3966 Paulp’s
500 3897 625 3952 Realenc.
639 3899 661 3964 I,
672 3899 705 3952 2²
721 3915 748 3968 p.
760 3902 834 3953 2096,
