<?xml version="1.0" encoding="UTF-8"?>
<!DOCTYPE html PUBLIC "-//W3C//DTD XHTML 1.0 Transitional//EN"
    "http://www.w3.org/TR/xhtml1/DTD/xhtml1-transitional.dtd">
<html xmlns="http://www.w3.org/1999/xhtml" xml:lang="en" lang="en">
 <head>
  <title>
</title>
<meta http-equiv="Content-Type" content="text/html;charset=utf-8" />
  <meta name='ocr-system' content='tesseract 3.04.00' />
  <meta name='ocr-capabilities' content='ocr_page ocr_carea ocr_par ocr_line ocrx_word'/>
</head>
<body>
  <div class='ocr_page' id='page_1' title='image "./defontibusquibu00rudogoog_0023.png"; bbox 0 0 2790 4508; ppageno 0'>
   <div class='ocr_carea' id='block_1_1' title="bbox 211 241 888 316">
    <p class='ocr_par' dir='ltr' id='par_1_1' title="bbox 211 241 888 316">
     <span class='ocr_line' id='line_1_1' title="bbox 211 241 888 316; baseline 0.003 -18"><span class='ocrx_word' id='word_1_1' title='bbox 211 241 249 298; x_wconf 91' lang='lat'>18</span> <span class='ocrx_word' id='word_1_2' title='bbox 669 246 744 301; x_wconf 83' lang='lat' dir='ltr'>Felix</span> <span class='ocrx_word' id='word_1_3' title='bbox 762 246 888 316; x_wconf 90' lang='lat' dir='ltr'>Rudolph</span> 
     </span>
    </p>
   </div>
   <div class='ocr_carea' id='block_1_2' title="bbox 97 414 1352 3241">
    <p class='ocr_par' dir='ltr' id='par_1_2' title="bbox 208 414 1352 807">
     <span class='ocr_line' id='line_1_2' title="bbox 209 414 1350 503; baseline 0.012 -26"><span class='ocrx_word' id='word_1_4' title='bbox 209 414 274 479; x_wconf 89' lang='lat' dir='ltr'>XII</span> <span class='ocrx_word' id='word_1_5' title='bbox 296 414 395 499; x_wconf 91' lang='lat' dir='ltr'>initio,</span> <span class='ocrx_word' id='word_1_6' title='bbox 419 416 553 482; x_wconf 90' lang='lat' dir='ltr'>alterum</span> <span class='ocrx_word' id='word_1_7' title='bbox 576 437 596 481; x_wconf 89' lang='lat' dir='ltr'>a</span> <span class='ocrx_word' id='word_1_8' title='bbox 611 417 718 482; x_wconf 89' lang='lat' dir='ltr'>media</span> <span class='ocrx_word' id='word_1_9' title='bbox 732 425 832 503; x_wconf 90' lang='lat' dir='ltr'>parte,</span> <span class='ocrx_word' id='word_1_10' title='bbox 856 419 982 484; x_wconf 91' lang='lat' dir='ltr'>tertium</span> <span class='ocrx_word' id='word_1_11' title='bbox 1000 442 1020 485; x_wconf 89' lang='lat' dir='ltr'>a</span> <span class='ocrx_word' id='word_1_12' title='bbox 1035 421 1098 486; x_wconf 93' lang='lat' dir='ltr'>fine</span> <span class='ocrx_word' id='word_1_13' title='bbox 1113 430 1275 490; x_wconf 90' lang='lat' dir='ltr'>mutuatus</span> <span class='ocrx_word' id='word_1_14' title='bbox 1293 431 1350 491; x_wconf 88' lang='lat' dir='ltr'>est</span> 
     </span>
     <span class='ocr_line' id='line_1_3' title="bbox 210 517 1352 608; baseline 0.012 -29"><span class='ocrx_word' id='word_1_15' title='bbox 210 517 258 580; x_wconf 81' lang='lat' dir='ltr'>En</span> <span class='ocrx_word' id='word_1_16' title='bbox 287 536 381 598; x_wconf 90' lang='lat' dir='ltr'>quam</span> <span class='ocrx_word' id='word_1_17' title='bbox 410 520 576 601; x_wconf 88' lang='lat' dir='ltr'>praeclara</span> <span class='ocrx_word' id='word_1_18' title='bbox 603 518 659 585; x_wconf 87' lang='lat' dir='ltr'>fiat</span> <span class='ocrx_word' id='word_1_19' title='bbox 686 523 811 587; x_wconf 80' lang='lat' dir='ltr'>occasio</span> <span class='ocrx_word' id='word_1_20' title='bbox 842 521 933 603; x_wconf 91' lang='lat' dir='ltr'>quasi</span> <span class='ocrx_word' id='word_1_21' title='bbox 963 521 1109 588; x_wconf 84' lang='lat' dir='ltr'>officinae</span> <span class='ocrx_word' id='word_1_22' title='bbox 1132 525 1352 608; x_wconf 79' lang='lat' dir='ltr'>compilatoris</span> 
     </span>
     <span class='ocr_line' id='line_1_4' title="bbox 208 617 1352 702; baseline 0.01 -21"><span class='ocrx_word' id='word_1_23' title='bbox 208 617 485 702; x_wconf 90' lang='lat' dir='ltr'>introspiciendae.</span> <span class='ocrx_word' id='word_1_24' title='bbox 530 620 676 702; x_wconf 82' lang='lat' dir='ltr'>Namque</span> <span class='ocrx_word' id='word_1_25' title='bbox 702 626 842 686; x_wconf 81' lang='lat' dir='ltr'>tentasse</span> <span class='ocrx_word' id='word_1_26' title='bbox 866 622 991 688; x_wconf 89' lang='lat' dir='ltr'>uidetur</span> <span class='ocrx_word' id='word_1_27' title='bbox 1013 624 1240 691; x_wconf 90' lang='lat' dir='ltr'>iucunditatem</span> <span class='ocrx_word' id='word_1_28' title='bbox 1263 628 1352 695; x_wconf 92' lang='lat' dir='ltr'>illius</span> 
     </span>
     <span class='ocr_line' id='line_1_5' title="bbox 208 715 1143 807; baseline 0.011 -28"><span class='ocrx_word' id='word_1_29' title='bbox 208 715 317 799; x_wconf 86' lang='lat' dir='ltr'>fontis,</span> <span class='ocrx_word' id='word_1_30' title='bbox 339 723 509 801; x_wconf 89' lang='lat' dir='ltr'>antequam</span> <span class='ocrx_word' id='word_1_31' title='bbox 530 722 673 805; x_wconf 90' lang='lat' dir='ltr'>placeret</span> <span class='ocrx_word' id='word_1_32' title='bbox 696 740 767 786; x_wconf 94' lang='lat' dir='ltr'>eum</span> <span class='ocrx_word' id='word_1_33' title='bbox 790 722 942 807; x_wconf 83' lang='lat' dir='ltr'>deinceps</span> <span class='ocrx_word' id='word_1_34' title='bbox 965 725 1143 791; x_wconf 83' lang='lat' dir='ltr'>exhaurire.</span> 
     </span>
    </p>

    <p class='ocr_par' dir='ltr' id='par_1_3' title="bbox 206 815 1350 1110">
     <span class='ocr_line' id='line_1_6' title="bbox 292 815 1350 908; baseline 0.014 -26"><span class='ocrx_word' id='word_1_35' title='bbox 292 815 385 894; x_wconf 83' lang='lat' dir='ltr'>Quod</span> <span class='ocrx_word' id='word_1_36' title='bbox 407 820 504 902; x_wconf 86' lang='lat' dir='ltr'>igitur</span> <span class='ocrx_word' id='word_1_37' title='bbox 526 821 695 888; x_wconf 90' lang='lat' dir='ltr'>obseruaui</span> <span class='ocrx_word' id='word_1_38' title='bbox 709 823 886 908; x_wconf 87' lang='lat' dir='ltr'>Aelianum,</span> <span class='ocrx_word' id='word_1_39' title='bbox 911 847 981 892; x_wconf 94' lang='lat' dir='ltr'>cum</span> <span class='ocrx_word' id='word_1_40' title='bbox 1005 828 1060 893; x_wconf 94' lang='lat' dir='ltr'>illo</span> <span class='ocrx_word' id='word_1_41' title='bbox 1076 828 1263 894; x_wconf 87' lang='lat' dir='ltr'>Naucratita</span> <span class='ocrx_word' id='word_1_42' title='bbox 1282 836 1350 897; x_wconf 89' lang='lat' dir='ltr'>ute·</span> 
     </span>
     <span class='ocr_line' id='line_1_7' title="bbox 206 920 1350 1014; baseline 0.013 -33"><span class='ocrx_word' id='word_1_43' title='bbox 206 924 305 1001; x_wconf 90' lang='lat' dir='ltr'>retur,</span> <span class='ocrx_word' id='word_1_44' title='bbox 336 920 388 983; x_wconf 92' lang='lat' dir='ltr'>uia</span> <span class='ocrx_word' id='word_1_45' title='bbox 412 927 444 986; x_wconf 93' lang='lat' dir='ltr'>et</span> <span class='ocrx_word' id='word_1_46' title='bbox 465 922 587 988; x_wconf 91' lang='lat' dir='ltr'>ratione</span> <span class='ocrx_word' id='word_1_47' title='bbox 609 932 787 1006; x_wconf 81' lang='lat' dir='ltr'>grassatum</span> <span class='ocrx_word' id='word_1_48' title='bbox 809 946 880 993; x_wconf 89' lang='lat' dir='ltr'>esse</span> <span class='ocrx_word' id='word_1_49' title='bbox 902 928 942 994; x_wconf 92' lang='lat' dir='ltr'>iis</span> <span class='ocrx_word' id='word_1_50' title='bbox 965 930 1043 1014; x_wconf 92' lang='lat' dir='ltr'>ipsis</span> <span class='ocrx_word' id='word_1_51' title='bbox 1067 949 1148 1012; x_wconf 88' lang='lat' dir='ltr'>quae</span> <span class='ocrx_word' id='word_1_52' title='bbox 1171 936 1282 995; x_wconf 89' lang='lat' dir='ltr'>contra</span> <span class='ocrx_word' id='word_1_53' title='bbox 1304 932 1350 996; x_wconf 85' lang='lat' dir='ltr'>fa-</span> 
     </span>
     <span class='ocr_line' id='line_1_8' title="bbox 206 1027 827 1110; baseline -0.006 -14"><span class='ocrx_word' id='word_1_54' title='bbox 206 1048 278 1096; x_wconf 92' lang='lat' dir='ltr'>cere</span> <span class='ocrx_word' id='word_1_55' title='bbox 300 1027 403 1092; x_wconf 92' lang='lat' dir='ltr'>uideri</span> <span class='ocrx_word' id='word_1_56' title='bbox 425 1031 595 1110; x_wconf 92' lang='lat' dir='ltr'>potuerunt</span> <span class='ocrx_word' id='word_1_57' title='bbox 617 1027 827 1093; x_wconf 87' lang='lat' dir='ltr'>confirmatur.</span> 
     </span>
    </p>

    <p class='ocr_par' dir='ltr' id='par_1_4' title="bbox 203 1128 1352 1504">
     <span class='ocr_line' id='line_1_9' title="bbox 291 1128 1352 1213; baseline 0.008 -19"><span class='ocrx_word' id='word_1_58' title='bbox 291 1129 448 1208; x_wconf 80' lang='lat' dir='ltr'>Quoniam</span> <span class='ocrx_word' id='word_1_59' title='bbox 463 1134 563 1194; x_wconf 92' lang='lat' dir='ltr'>totum</span> <span class='ocrx_word' id='word_1_60' title='bbox 578 1128 704 1194; x_wconf 93' lang='lat' dir='ltr'>Aeliani</span> <span class='ocrx_word' id='word_1_61' title='bbox 720 1150 792 1195; x_wconf 92' lang='lat' dir='ltr'>cum</span> <span class='ocrx_word' id='word_1_62' title='bbox 807 1129 972 1197; x_wconf 86' lang='lat' dir='ltr'>Athenaeo</span> <span class='ocrx_word' id='word_1_63' title='bbox 988 1151 1175 1198; x_wconf 90' lang='lat' dir='ltr'>eonsensum</span> <span class='ocrx_word' id='word_1_64' title='bbox 1190 1139 1352 1213; x_wconf 89' lang='lat' dir='ltr'>quatenus</span> 
     </span>
     <span class='ocr_line' id='line_1_10' title="bbox 206 1231 1351 1315; baseline 0.001 -16"><span class='ocrx_word' id='word_1_65' title='bbox 206 1240 238 1299; x_wconf 91' lang='lat' dir='ltr'>et</span> <span class='ocrx_word' id='word_1_66' title='bbox 266 1233 299 1296; x_wconf 95' lang='lat' dir='ltr'>in</span> <span class='ocrx_word' id='word_1_67' title='bbox 328 1233 510 1296; x_wconf 89' lang='lat' dir='ltr'>uniuersum</span> <span class='ocrx_word' id='word_1_68' title='bbox 539 1231 713 1315; x_wconf 85' lang='lat' dir='ltr'>pertineret</span> <span class='ocrx_word' id='word_1_69' title='bbox 734 1238 766 1296; x_wconf 92' lang='lat' dir='ltr'>et</span> <span class='ocrx_word' id='word_1_70' title='bbox 788 1231 831 1297; x_wconf 91' lang='lat' dir='ltr'>ad</span> <span class='ocrx_word' id='word_1_71' title='bbox 853 1231 936 1298; x_wconf 93' lang='lat' dir='ltr'>hunc</span> <span class='ocrx_word' id='word_1_72' title='bbox 959 1232 1156 1298; x_wconf 85' lang='lat' dir='ltr'>reuocandus</span> <span class='ocrx_word' id='word_1_73' title='bbox 1180 1241 1264 1299; x_wconf 91' lang='lat' dir='ltr'>esset</span> <span class='ocrx_word' id='word_1_74' title='bbox 1289 1239 1351 1302; x_wconf 91' lang='lat' dir='ltr'>cir-</span> 
     </span>
     <span class='ocr_line' id='line_1_11' title="bbox 205 1330 1352 1418; baseline 0.002 -17"><span class='ocrx_word' id='word_1_75' title='bbox 205 1334 449 1418; x_wconf 84' lang='lat' dir='ltr'>cumspeximus,</span> <span class='ocrx_word' id='word_1_76' title='bbox 473 1333 555 1416; x_wconf 90' lang='lat' dir='ltr'>parti</span> <span class='ocrx_word' id='word_1_77' title='bbox 579 1330 708 1414; x_wconf 91' lang='lat' dir='ltr'>quidem</span> <span class='ocrx_word' id='word_1_78' title='bbox 731 1332 824 1400; x_wconf 92' lang='lat' dir='ltr'>huius</span> <span class='ocrx_word' id='word_1_79' title='bbox 846 1334 979 1399; x_wconf 86' lang='lat' dir='ltr'>fontium</span> <span class='ocrx_word' id='word_1_80' title='bbox 996 1334 1262 1418; x_wconf 81' lang='lat' dir='ltr'>explorandorum</span> <span class='ocrx_word' id='word_1_81' title='bbox 1281 1357 1352 1403; x_wconf 91' lang='lat' dir='ltr'>mu-</span> 
     </span>
     <span class='ocr_line' id='line_1_12' title="bbox 203 1434 758 1504; baseline -0.009 -1"><span class='ocrx_word' id='word_1_82' title='bbox 203 1439 289 1504; x_wconf 90' lang='lat' dir='ltr'>neris</span> <span class='ocrx_word' id='word_1_83' title='bbox 311 1437 438 1502; x_wconf 91' lang='lat' dir='ltr'>uidetur</span> <span class='ocrx_word' id='word_1_84' title='bbox 460 1434 656 1500; x_wconf 80' lang='lat' dir='ltr'>satisfactum</span> <span class='ocrx_word' id='word_1_85' title='bbox 678 1454 758 1500; x_wconf 87' lang='lat' dir='ltr'>esse.</span> 
     </span>
    </p>

    <p class='ocr_par' dir='ltr' id='par_1_5' title="bbox 97 1535 1350 3241">
     <span class='ocr_line' id='line_1_13' title="bbox 289 1535 1350 1619; baseline 0.001 -15"><span class='ocrx_word' id='word_1_86' title='bbox 289 1540 406 1604; x_wconf 90' lang='lat' dir='ltr'>Verum</span> <span class='ocrx_word' id='word_1_87' title='bbox 435 1535 614 1601; x_wconf 91' lang='lat' dir='ltr'>redundant</span> <span class='ocrx_word' id='word_1_88' title='bbox 642 1556 682 1601; x_wconf 85' lang='lat' dir='ltr'>ex</span> <span class='ocrx_word' id='word_1_89' title='bbox 706 1537 828 1602; x_wconf 91' lang='lat' dir='ltr'>ratione</span> <span class='ocrx_word' id='word_1_90' title='bbox 850 1555 932 1619; x_wconf 92' lang='lat' dir='ltr'>quae</span> <span class='ocrx_word' id='word_1_91' title='bbox 954 1536 1036 1601; x_wconf 90' lang='lat' dir='ltr'>inter</span> <span class='ocrx_word' id='word_1_92' title='bbox 1059 1545 1226 1618; x_wconf 91' lang='lat' dir='ltr'>utrumque</span> <span class='ocrx_word' id='word_1_93' title='bbox 1249 1539 1350 1605; x_wconf 92' lang='lat' dir='ltr'>inter·</span> 
     </span>
     <span class='ocr_line' id='line_1_14' title="bbox 192 1636 1349 1724; baseline -0.002 -15"><span class='ocrx_word' id='word_1_94' title='bbox 192 1641 289 1724; x_wconf 77' lang='lat' dir='ltr'>¹cedit</span> <span class='ocrx_word' id='word_1_95' title='bbox 312 1639 533 1705; x_wconf 87' lang='lat' dir='ltr'>efficacissima</span> <span class='ocrx_word' id='word_1_96' title='bbox 555 1636 713 1720; x_wconf 89' lang='lat' dir='ltr'>quaedam</span> <span class='ocrx_word' id='word_1_97' title='bbox 734 1643 799 1702; x_wconf 89' lang='lat' dir='ltr'>tam</span> <span class='ocrx_word' id='word_1_98' title='bbox 821 1638 863 1703; x_wconf 93' lang='lat' dir='ltr'>ad</span> <span class='ocrx_word' id='word_1_99' title='bbox 885 1636 968 1703; x_wconf 91' lang='lat' dir='ltr'>hanc</span> <span class='ocrx_word' id='word_1_100' title='bbox 983 1658 1078 1720; x_wconf 91' lang='lat' dir='ltr'>quam</span> <span class='ocrx_word' id='word_1_101' title='bbox 1093 1637 1136 1703; x_wconf 90' lang='lat' dir='ltr'>ad</span> <span class='ocrx_word' id='word_1_102' title='bbox 1151 1638 1233 1704; x_wconf 90' lang='lat' dir='ltr'>alias</span> <span class='ocrx_word' id='word_1_103' title='bbox 1247 1659 1349 1721; x_wconf 89' lang='lat' dir='ltr'>quae·</span> 
     </span>
     <span class='ocr_line' id='line_1_15' title="bbox 203 1738 1349 1822; baseline 0.002 -14"><span class='ocrx_word' id='word_1_104' title='bbox 203 1745 321 1809; x_wconf 90' lang='lat' dir='ltr'>stiones</span> <span class='ocrx_word' id='word_1_105' title='bbox 350 1740 521 1822; x_wconf 89' lang='lat' dir='ltr'>praesidia.</span> <span class='ocrx_word' id='word_1_106' title='bbox 566 1739 711 1805; x_wconf 91' lang='lat' dir='ltr'>Vidimus</span> <span class='ocrx_word' id='word_1_107' title='bbox 741 1741 824 1804; x_wconf 93' lang='lat' dir='ltr'>enim</span> <span class='ocrx_word' id='word_1_108' title='bbox 847 1740 1016 1805; x_wconf 84' lang='lat' dir='ltr'>Aelianum</span> <span class='ocrx_word' id='word_1_109' title='bbox 1039 1745 1186 1822; x_wconf 90' lang='lat' dir='ltr'>quattuor</span> <span class='ocrx_word' id='word_1_110' title='bbox 1208 1738 1349 1811; x_wconf 87' lang='lat' dir='ltr'>fabellas</span> 
     </span>
     <span class='ocr_line' id='line_1_16' title="bbox 203 1839 1347 1926; baseline 0.001 -17"><span class='ocrx_word' id='word_1_111' title='bbox 203 1861 395 1926; x_wconf 91' lang='lat' dir='ltr'>quamquam</span> <span class='ocrx_word' id='word_1_112' title='bbox 423 1841 471 1905; x_wconf 92' lang='lat' dir='ltr'>illi</span> <span class='ocrx_word' id='word_1_113' title='bbox 500 1861 564 1906; x_wconf 95' lang='lat' dir='ltr'>non</span> <span class='ocrx_word' id='word_1_114' title='bbox 592 1839 689 1907; x_wconf 91' lang='lat' dir='ltr'>debet</span> <span class='ocrx_word' id='word_1_115' title='bbox 716 1847 822 1906; x_wconf 92' lang='lat' dir='ltr'>tamen</span> <span class='ocrx_word' id='word_1_116' title='bbox 852 1860 923 1907; x_wconf 91' lang='lat' dir='ltr'>cum</span> <span class='ocrx_word' id='word_1_117' title='bbox 946 1860 984 1906; x_wconf 93' lang='lat' dir='ltr'>eo</span> <span class='ocrx_word' id='word_1_118' title='bbox 1007 1840 1126 1907; x_wconf 91' lang='lat' dir='ltr'>habere</span> <span class='ocrx_word' id='word_1_119' title='bbox 1149 1861 1347 1912; x_wconf 91' lang='lat' dir='ltr'>communes.</span> 
     </span>
     <span class='ocr_line' id='line_1_17' title="bbox 203 1938 1347 2024; baseline 0.001 -15"><span class='ocrx_word' id='word_1_120' title='bbox 203 1946 312 2024; x_wconf 90' lang='lat' dir='ltr'>Porro,</span> <span class='ocrx_word' id='word_1_121' title='bbox 336 1948 370 2006; x_wconf 94' lang='lat' dir='ltr'>ut</span> <span class='ocrx_word' id='word_1_122' title='bbox 392 1942 457 2006; x_wconf 89' lang='lat' dir='ltr'>alia</span> <span class='ocrx_word' id='word_1_123' title='bbox 478 1945 687 2023; x_wconf 88' lang='lat' dir='ltr'>praeteream,</span> <span class='ocrx_word' id='word_1_124' title='bbox 710 1957 793 2020; x_wconf 91' lang='lat' dir='ltr'>quae</span> <span class='ocrx_word' id='word_1_125' title='bbox 809 1944 936 2003; x_wconf 88' lang='lat' dir='ltr'>exstant</span> <span class='ocrx_word' id='word_1_126' title='bbox 958 1940 989 2002; x_wconf 95' lang='lat' dir='ltr'>in</span> <span class='ocrx_word' id='word_1_127' title='bbox 1005 1958 1034 2003; x_wconf 95' lang='lat' dir='ltr'>u.</span> <span class='ocrx_word' id='word_1_128' title='bbox 1048 1938 1079 2003; x_wconf 93' lang='lat' dir='ltr'>h.</span> <span class='ocrx_word' id='word_1_129' title='bbox 1094 1938 1135 2020; x_wconf 94' lang='lat' dir='ltr'>II,</span> <span class='ocrx_word' id='word_1_130' title='bbox 1153 1945 1171 2001; x_wconf 81' lang='grc'>4</span> <span class='ocrx_word' id='word_1_131' title='bbox 1188 1940 1228 2008; x_wconf 91' lang='lat' dir='ltr'>de</span> <span class='ocrx_word' id='word_1_132' title='bbox 1243 1943 1347 2011; x_wconf 91' lang='lat' dir='ltr'>Mela·</span> 
     </span>
     <span class='ocr_line' id='line_1_18' title="bbox 201 2038 1346 2131; baseline 0.003 -21"><span class='ocrx_word' id='word_1_133' title='bbox 201 2046 290 2131; x_wconf 91' lang='lat' dir='ltr'>nippi</span> <span class='ocrx_word' id='word_1_134' title='bbox 308 2051 340 2109; x_wconf 89' lang='lat' dir='ltr'>et</span> <span class='ocrx_word' id='word_1_135' title='bbox 356 2040 536 2108; x_wconf 81' lang='lat' dir='ltr'>Charitonis</span> <span class='ocrx_word' id='word_1_136' title='bbox 550 2045 659 2105; x_wconf 92' lang='lat' dir='ltr'>mutua</span> <span class='ocrx_word' id='word_1_137' title='bbox 673 2040 823 2121; x_wconf 88' lang='lat' dir='ltr'>amicitia,</span> <span class='ocrx_word' id='word_1_138' title='bbox 840 2040 872 2103; x_wconf 93' lang='lat' dir='ltr'>in</span> <span class='ocrx_word' id='word_1_139' title='bbox 888 2059 918 2104; x_wconf 92' lang='lat' dir='ltr'>u.</span> <span class='ocrx_word' id='word_1_140' title='bbox 932 2038 961 2103; x_wconf 94' lang='lat' dir='ltr'>h.</span> <span class='ocrx_word' id='word_1_141' title='bbox 978 2039 1035 2122; x_wconf 93' lang='lat' dir='ltr'>Ill,</span> <span class='ocrx_word' id='word_1_142' title='bbox 1053 2043 1092 2105; x_wconf 83' lang='lat'>23</span> <span class='ocrx_word' id='word_1_143' title='bbox 1109 2041 1149 2107; x_wconf 92' lang='lat' dir='ltr'>de</span> <span class='ocrx_word' id='word_1_144' title='bbox 1164 2042 1346 2113; x_wconf 86' lang='lat' dir='ltr'>Alexandri</span> 
     </span>
     <span class='ocr_line' id='line_1_19' title="bbox 200 2138 1346 2232; baseline 0.001 -19"><span class='ocrx_word' id='word_1_145' title='bbox 200 2154 274 2213; x_wconf 94' lang='lat' dir='ltr'>ante</span> <span class='ocrx_word' id='word_1_146' title='bbox 296 2153 429 2212; x_wconf 89' lang='lat' dir='ltr'>mortem</span> <span class='ocrx_word' id='word_1_147' title='bbox 444 2144 547 2229; x_wconf 89' lang='lat' dir='ltr'>ipsam</span> <span class='ocrx_word' id='word_1_148' title='bbox 562 2138 746 2221; x_wconf 88' lang='lat' dir='ltr'>uinolentia,</span> <span class='ocrx_word' id='word_1_149' title='bbox 770 2138 802 2202; x_wconf 94' lang='lat' dir='ltr'>in</span> <span class='ocrx_word' id='word_1_150' title='bbox 819 2160 847 2205; x_wconf 94' lang='lat' dir='ltr'>u.</span> <span class='ocrx_word' id='word_1_151' title='bbox 862 2140 891 2205; x_wconf 96' lang='lat' dir='ltr'>h.</span> <span class='ocrx_word' id='word_1_152' title='bbox 908 2141 981 2224; x_wconf 90' lang='lat' dir='ltr'><strong>XII,</strong></span> <span class='ocrx_word' id='word_1_153' title='bbox 1002 2147 1021 2204; x_wconf 44' lang='lat'>1⁷</span> <span class='ocrx_word' id='word_1_154' title='bbox 1037 2143 1078 2207; x_wconf 93' lang='lat' dir='ltr'>de</span> <span class='ocrx_word' id='word_1_155' title='bbox 1093 2143 1240 2228; x_wconf 90' lang='lat' dir='ltr'>Aspasia,</span> <span class='ocrx_word' id='word_1_156' title='bbox 1264 2145 1346 2232; x_wconf 82' lang='lat' dir='ltr'>Cyri</span> 
     </span>
     <span class='ocr_line' id='line_1_20' title="bbox 200 2241 1343 2332; baseline -0.001 -16"><span class='ocrx_word' id='word_1_157' title='bbox 200 2251 313 2332; x_wconf 90' lang='lat' dir='ltr'>amica,</span> <span class='ocrx_word' id='word_1_158' title='bbox 336 2249 368 2312; x_wconf 94' lang='lat' dir='ltr'>in</span> <span class='ocrx_word' id='word_1_159' title='bbox 384 2268 413 2312; x_wconf 92' lang='lat' dir='ltr'>u.</span> <span class='ocrx_word' id='word_1_160' title='bbox 427 2247 457 2311; x_wconf 95' lang='lat' dir='ltr'>h.</span> <span class='ocrx_word' id='word_1_161' title='bbox 473 2245 547 2328; x_wconf 88' lang='lat' dir='ltr'>XH,</span> <span class='ocrx_word' id='word_1_162' title='bbox 564 2249 600 2308; x_wconf 89' lang='lat'>51</span> <span class='ocrx_word' id='word_1_163' title='bbox 621 2242 661 2307; x_wconf 96' lang='lat' dir='ltr'>de</span> <span class='ocrx_word' id='word_1_164' title='bbox 676 2241 856 2308; x_wconf 86' lang='lat' dir='ltr'>Menecrate</span> <span class='ocrx_word' id='word_1_165' title='bbox 871 2241 1006 2326; x_wconf 88' lang='lat' dir='ltr'>medico,</span> <span class='ocrx_word' id='word_1_166' title='bbox 1024 2244 1077 2326; x_wconf 92' lang='lat' dir='ltr'>qui</span> <span class='ocrx_word' id='word_1_167' title='bbox 1094 2263 1128 2310; x_wconf 92' lang='lat' dir='ltr'>se</span> <span class='ocrx_word' id='word_1_168' title='bbox 1142 2245 1213 2312; x_wconf 94' lang='lat' dir='ltr'>Ioui</span> <span class='ocrx_word' id='word_1_169' title='bbox 1227 2268 1343 2331; x_wconf 90' lang='lat' dir='ltr'>parem</span> 
     </span>
     <span class='ocr_line' id='line_1_21' title="bbox 199 2344 1342 2436; baseline -0.001 -17"><span class='ocrx_word' id='word_1_170' title='bbox 199 2372 270 2419; x_wconf 91' lang='lat' dir='ltr'>esse</span> <span class='ocrx_word' id='word_1_171' title='bbox 292 2356 422 2436; x_wconf 91' lang='lat' dir='ltr'>putasse</span> <span class='ocrx_word' id='word_1_172' title='bbox 444 2348 576 2428; x_wconf 91' lang='lat' dir='ltr'>dicitur,</span> <span class='ocrx_word' id='word_1_173' title='bbox 607 2344 703 2411; x_wconf 88' lang='lat' dir='ltr'>etiam</span> <span class='ocrx_word' id='word_1_174' title='bbox 729 2344 877 2409; x_wconf 88' lang='lat' dir='ltr'>uberiora</span> <span class='ocrx_word' id='word_1_175' title='bbox 898 2350 971 2410; x_wconf 91' lang='lat' dir='ltr'>sunt</span> <span class='ocrx_word' id='word_1_176' title='bbox 993 2362 1088 2427; x_wconf 89' lang='lat' dir='ltr'>quam</span> <span class='ocrx_word' id='word_1_177' title='bbox 1110 2347 1165 2428; x_wconf 93' lang='lat' dir='ltr'>qui</span> <span class='ocrx_word' id='word_1_178' title='bbox 1187 2347 1342 2434; x_wconf 91' lang='lat' dir='ltr'>deinceps</span> 
     </span>
     <span class='ocr_line' id='line_1_22' title="bbox 199 2445 1342 2537; baseline -0.005 -19"><span class='ocrx_word' id='word_1_179' title='bbox 199 2455 239 2520; x_wconf 91' lang='lat' dir='ltr'>iis</span> <span class='ocrx_word' id='word_1_180' title='bbox 262 2451 455 2537; x_wconf 91' lang='lat' dir='ltr'>respondent</span> <span class='ocrx_word' id='word_1_181' title='bbox 476 2446 635 2514; x_wconf 90' lang='lat' dir='ltr'>Athenaei</span> <span class='ocrx_word' id='word_1_182' title='bbox 657 2445 720 2510; x_wconf 93' lang='lat' dir='ltr'>loci</span> <span class='ocrx_word' id='word_1_183' title='bbox 742 2445 821 2509; x_wconf 88' lang='lat' dir='ltr'>XIII</span> <span class='ocrx_word' id='word_1_184' title='bbox 836 2465 867 2529; x_wconf 89' lang='lat' dir='ltr'>p.</span> <span class='ocrx_word' id='word_1_185' title='bbox 884 2446 1017 2529; x_wconf 72' lang='lat' dir='ltr'>octab,</span> <span class='ocrx_word' id='word_1_186' title='bbox 1040 2446 1072 2510; x_wconf 89' lang='lat' dir='ltr'>X</span> <span class='ocrx_word' id='word_1_187' title='bbox 1086 2467 1117 2530; x_wconf 93' lang='lat' dir='ltr'>p.</span> <span class='ocrx_word' id='word_1_188' title='bbox 1135 2450 1234 2532; x_wconf 78' lang='grc'><strong>4341),</strong></span> <span class='ocrx_word' id='word_1_189' title='bbox 1257 2450 1342 2519; x_wconf 85' lang='lat' dir='ltr'>XIII</span> 
     </span>
     <span class='ocr_line' id='line_1_23' title="bbox 97 2544 1340 2642; baseline 0 -22"><span class='ocrx_word' id='word_1_190' title='bbox 97 2560 102 2567; x_wconf 86' lang='grc'><strong>’</strong></span> <span class='ocrx_word' id='word_1_191' title='bbox 197 2579 228 2642; x_wconf 91' lang='lat' dir='ltr'>p.</span> <span class='ocrx_word' id='word_1_192' title='bbox 247 2553 346 2636; x_wconf 72' lang='lat' dir='ltr'>cred,</span> <span class='ocrx_word' id='word_1_193' title='bbox 362 2553 424 2618; x_wconf 88' lang='lat' dir='ltr'>VH</span> <span class='ocrx_word' id='word_1_194' title='bbox 438 2572 469 2635; x_wconf 89' lang='lat' dir='ltr'>p.</span> <span class='ocrx_word' id='word_1_195' title='bbox 486 2548 586 2613; x_wconf 73' lang='lat' dir='ltr'>haud.</span> <span class='ocrx_word' id='word_1_196' title='bbox 617 2544 702 2626; x_wconf 77' lang='lat' dir='ltr'>Quid</span> <span class='ocrx_word' id='word_1_197' title='bbox 718 2546 817 2628; x_wconf 84' lang='lat' dir='ltr'>ergo?</span> <span class='ocrx_word' id='word_1_198' title='bbox 838 2545 953 2612; x_wconf 89' lang='lat' dir='ltr'>Nonne</span> <span class='ocrx_word' id='word_1_199' title='bbox 968 2553 1136 2630; x_wconf 90' lang='lat' dir='ltr'>utrumque</span> <span class='ocrx_word' id='word_1_200' title='bbox 1151 2552 1340 2635; x_wconf 89' lang='lat' dir='ltr'>scriptorem</span> 
     </span>
     <span class='ocr_line' id='line_1_24' title="bbox 198 2647 1339 2734; baseline -0.002 -11"><span class='ocrx_word' id='word_1_201' title='bbox 198 2657 241 2723; x_wconf 87' lang='lat' dir='ltr'>ad</span> <span class='ocrx_word' id='word_1_202' title='bbox 263 2673 462 2721; x_wconf 92' lang='lat' dir='ltr'>communem</span> <span class='ocrx_word' id='word_1_203' title='bbox 485 2650 645 2734; x_wconf 91' lang='lat' dir='ltr'>quendam</span> <span class='ocrx_word' id='word_1_204' title='bbox 668 2648 787 2713; x_wconf 90' lang='lat' dir='ltr'>fontem</span> <span class='ocrx_word' id='word_1_205' title='bbox 802 2647 953 2713; x_wconf 90' lang='lat' dir='ltr'>recedere</span> <span class='ocrx_word' id='word_1_206' title='bbox 968 2649 1001 2713; x_wconf 96' lang='lat' dir='ltr'>in</span> <span class='ocrx_word' id='word_1_207' title='bbox 1016 2656 1164 2733; x_wconf 90' lang='lat' dir='ltr'>promptu</span> <span class='ocrx_word' id='word_1_208' title='bbox 1180 2653 1252 2718; x_wconf 82' lang='lat' dir='ltr'>est?</span> <span class='ocrx_word' id='word_1_209' title='bbox 1274 2654 1339 2721; x_wconf 89' lang='lat' dir='ltr'>Ita·</span> 
     </span>
     <span class='ocr_line' id='line_1_25' title="bbox 197 2749 1340 2842; baseline 0.001 -23"><span class='ocrx_word' id='word_1_210' title='bbox 197 2773 259 2837; x_wconf 91' lang='lat' dir='ltr'>qne</span> <span class='ocrx_word' id='word_1_211' title='bbox 282 2773 322 2818; x_wconf 84' lang='lat' dir='ltr'>ex</span> <span class='ocrx_word' id='word_1_212' title='bbox 345 2753 395 2818; x_wconf 93' lang='lat' dir='ltr'>his</span> <span class='ocrx_word' id='word_1_213' title='bbox 418 2751 655 2835; x_wconf 89' lang='lat' dir='ltr'>quaestionibus</span> <span class='ocrx_word' id='word_1_214' title='bbox 670 2749 834 2842; x_wconf 91' lang='lat' dir='ltr'>Aelianeis</span> <span class='ocrx_word' id='word_1_215' title='bbox 856 2749 979 2832; x_wconf 88' lang='lat' dir='ltr'>aliquid</span> <span class='ocrx_word' id='word_1_216' title='bbox 1001 2750 1080 2816; x_wconf 89' lang='lat' dir='ltr'>lucis</span> <span class='ocrx_word' id='word_1_217' title='bbox 1102 2751 1144 2816; x_wconf 90' lang='lat' dir='ltr'>ad</span> <span class='ocrx_word' id='word_1_218' title='bbox 1161 2749 1340 2820; x_wconf 77' lang='grc' dir='ltr'><em>δειπνοσο-</em></span> 
     </span>
     <span class='ocr_line' id='line_1_26' title="bbox 197 2850 1341 2942; baseline 0.006 -24"><span class='ocrx_word' id='word_1_219' title='bbox 197 2855 325 2942; x_wconf 78' lang='grc' dir='ltr'>φιστῶν</span> <span class='ocrx_word' id='word_1_220' title='bbox 354 2855 492 2937; x_wconf 84' lang='lat' dir='ltr'>origines</span> <span class='ocrx_word' id='word_1_221' title='bbox 521 2851 727 2918; x_wconf 85' lang='lat' dir='ltr'>excutiendas</span> <span class='ocrx_word' id='word_1_222' title='bbox 758 2850 1008 2934; x_wconf 86' lang='lat' dir='ltr'>exspectandum</span> <span class='ocrx_word' id='word_1_223' title='bbox 1037 2858 1093 2918; x_wconf 90' lang='lat' dir='ltr'>est.</span> <span class='ocrx_word' id='word_1_224' title='bbox 1141 2853 1191 2920; x_wconf 92' lang='lat' dir='ltr'>De</span> <span class='ocrx_word' id='word_1_225' title='bbox 1221 2857 1341 2939; x_wconf 90' lang='lat' dir='ltr'>quibus</span> 
     </span>
     <span class='ocr_line' id='line_1_27' title="bbox 197 2953 1339 3039; baseline 0.003 -17"><span class='ocrx_word' id='word_1_226' title='bbox 197 2957 310 3031; x_wconf 82' lang='lat' dir='ltr'>infra¹l</span> <span class='ocrx_word' id='word_1_227' title='bbox 333 2955 554 3039; x_wconf 90' lang='lat' dir='ltr'>disputabitur.</span> <span class='ocrx_word' id='word_1_228' title='bbox 598 2955 710 3018; x_wconf 92' lang='lat' dir='ltr'>Altera</span> <span class='ocrx_word' id='word_1_229' title='bbox 732 2958 884 3036; x_wconf 81' lang='lat' dir='ltr'>exparte</span> <span class='ocrx_word' id='word_1_230' title='bbox 906 2954 967 3018; x_wconf 89' lang='lat' dir='ltr'>nisi</span> <span class='ocrx_word' id='word_1_231' title='bbox 990 2953 1083 3036; x_wconf 91' lang='lat' dir='ltr'>copia</span> <span class='ocrx_word' id='word_1_232' title='bbox 1106 2962 1190 3020; x_wconf 92' lang='lat' dir='ltr'>esset</span> <span class='ocrx_word' id='word_1_233' title='bbox 1212 2959 1339 3025; x_wconf 88' lang='lat' dir='ltr'>uariam</span> 
     </span>
     <span class='ocr_line' id='line_1_28' title="bbox 197 3053 1339 3138; baseline 0.004 -15"><span class='ocrx_word' id='word_1_234' title='bbox 197 3058 360 3124; x_wconf 88' lang='lat' dir='ltr'>historiam</span> <span class='ocrx_word' id='word_1_235' title='bbox 384 3076 454 3121; x_wconf 88' lang='lat' dir='ltr'>curn</span> <span class='ocrx_word' id='word_1_236' title='bbox 477 3057 533 3121; x_wconf 92' lang='lat' dir='ltr'>illo</span> <span class='ocrx_word' id='word_1_237' title='bbox 556 3053 713 3138; x_wconf 82' lang='lat' dir='ltr'>florilegio</span> <span class='ocrx_word' id='word_1_238' title='bbox 737 3054 965 3137; x_wconf 90' lang='lat' dir='ltr'>contendendi,</span> <span class='ocrx_word' id='word_1_239' title='bbox 997 3055 1156 3138; x_wconf 93' lang='lat' dir='ltr'>quomodo</span> <span class='ocrx_word' id='word_1_240' title='bbox 1179 3057 1339 3128; x_wconf 87' lang='lat' dir='ltr'>Aelianus</span> 
     </span>
     <span class='ocr_line' id='line_1_29' title="bbox 195 3157 1232 3241; baseline -0.003 -15"><span class='ocrx_word' id='word_1_241' title='bbox 195 3168 341 3226; x_wconf 87' lang='lat' dir='ltr'>auctores</span> <span class='ocrx_word' id='word_1_242' title='bbox 363 3178 437 3224; x_wconf 92' lang='lat' dir='ltr'>suos</span> <span class='ocrx_word' id='word_1_243' title='bbox 459 3158 658 3224; x_wconf 90' lang='lat' dir='ltr'>adhibuisset</span> <span class='ocrx_word' id='word_1_244' title='bbox 678 3159 775 3241; x_wconf 91' lang='lat' dir='ltr'>plane</span> <span class='ocrx_word' id='word_1_245' title='bbox 798 3157 830 3220; x_wconf 93' lang='lat' dir='ltr'>in</span> <span class='ocrx_word' id='word_1_246' title='bbox 852 3157 971 3222; x_wconf 92' lang='lat' dir='ltr'>incerto</span> <span class='ocrx_word' id='word_1_247' title='bbox 994 3157 1232 3240; x_wconf 90' lang='lat' dir='ltr'>relinqueretur.</span> 
     </span>
    </p>
   </div>
   <div class='ocr_carea' id='block_1_3' title="bbox 348 3375 1179 3456">
    <p class='ocr_par' dir='ltr' id='par_1_6' title="bbox 348 3375 1179 3456">
     <span class='ocr_line' id='line_1_30' title="bbox 348 3375 1179 3456; baseline -0.005 -16"><span class='ocrx_word' id='word_1_248' title='bbox 348 3376 406 3440; x_wconf 90' lang='lat' dir='ltr'>IV.</span> <span class='ocrx_word' id='word_1_249' title='bbox 448 3375 514 3456; x_wconf 79' lang='lat' dir='ltr'>Quo</span> <span class='ocrx_word' id='word_1_250' title='bbox 536 3379 659 3440; x_wconf 81' lang='lat' dir='ltr'>ratione</span> <span class='ocrx_word' id='word_1_251' title='bbox 681 3377 831 3438; x_wconf 80' lang='lat' dir='ltr'>Aelianus</span> <span class='ocrx_word' id='word_1_252' title='bbox 852 3375 1013 3437; x_wconf 82' lang='lat' dir='ltr'>Athenaeo</span> <span class='ocrx_word' id='word_1_253' title='bbox 1038 3395 1109 3437; x_wconf 74' lang='lat' dir='ltr'>rasae</span> <span class='ocrx_word' id='word_1_254' title='bbox 1130 3378 1179 3438; x_wconf 79' lang='lat' dir='ltr'>ait.</span> 
     </span>
    </p>
   </div>
   <div class='ocr_carea' id='block_1_4' title="bbox 193 3529 1337 3813">
    <p class='ocr_par' dir='ltr' id='par_1_7' title="bbox 193 3529 1337 3813">
     <span class='ocr_line' id='line_1_31' title="bbox 279 3529 1337 3615; baseline 0.002 -18"><span class='ocrx_word' id='word_1_255' title='bbox 279 3531 371 3610; x_wconf 83' lang='lat' dir='ltr'>Quod</span> <span class='ocrx_word' id='word_1_256' title='bbox 395 3537 429 3596; x_wconf 93' lang='lat' dir='ltr'>ut</span> <span class='ocrx_word' id='word_1_257' title='bbox 450 3538 524 3597; x_wconf 91' lang='lat' dir='ltr'>ante</span> <span class='ocrx_word' id='word_1_258' title='bbox 548 3534 656 3597; x_wconf 93' lang='lat' dir='ltr'>oculos</span> <span class='ocrx_word' id='word_1_259' title='bbox 669 3535 875 3615; x_wconf 91' lang='lat' dir='ltr'>proponatur,</span> <span class='ocrx_word' id='word_1_260' title='bbox 899 3529 1039 3613; x_wconf 83' lang='lat' dir='ltr'>exempli</span> <span class='ocrx_word' id='word_1_261' title='bbox 1054 3529 1157 3612; x_wconf 88' lang='lat' dir='ltr'>gratia</span> <span class='ocrx_word' id='word_1_262' title='bbox 1174 3549 1272 3596; x_wconf 94' lang='lat' dir='ltr'>unum</span> <span class='ocrx_word' id='word_1_263' title='bbox 1288 3534 1337 3600; x_wconf 92' lang='lat' dir='ltr'>lo·</span> 
     </span>
     <span class='ocr_line' id='line_1_32' title="bbox 194 3630 1337 3703; baseline 0.003 -3"><span class='ocrx_word' id='word_1_264' title='bbox 194 3654 264 3700; x_wconf 89' lang='lat' dir='ltr'>eum</span> <span class='ocrx_word' id='word_1_265' title='bbox 287 3634 395 3698; x_wconf 91' lang='lat' dir='ltr'>uariae</span> <span class='ocrx_word' id='word_1_266' title='bbox 419 3631 571 3698; x_wconf 91' lang='lat' dir='ltr'>historiae</span> <span class='ocrx_word' id='word_1_267' title='bbox 593 3653 634 3698; x_wconf 88' lang='lat' dir='ltr'>ex</span> <span class='ocrx_word' id='word_1_268' title='bbox 649 3631 814 3698; x_wconf 88' lang='lat' dir='ltr'>Athenaeo</span> <span class='ocrx_word' id='word_1_269' title='bbox 836 3630 1023 3695; x_wconf 89' lang='lat' dir='ltr'>translatum</span> <span class='ocrx_word' id='word_1_270' title='bbox 1039 3637 1070 3696; x_wconf 92' lang='lat' dir='ltr'>et</span> <span class='ocrx_word' id='word_1_271' title='bbox 1086 3650 1157 3696; x_wconf 94' lang='lat' dir='ltr'>eum</span> <span class='ocrx_word' id='word_1_272' title='bbox 1171 3631 1337 3703; x_wconf 92' lang='lat' dir='ltr'>Athenaei</span> 
     </span>
     <span class='ocr_line' id='line_1_33' title="bbox 193 3729 942 3813; baseline 0.001 -18"><span class='ocrx_word' id='word_1_273' title='bbox 193 3729 277 3795; x_wconf 92' lang='lat' dir='ltr'>unde</span> <span class='ocrx_word' id='word_1_274' title='bbox 300 3730 469 3803; x_wconf 88' lang='lat' dir='ltr'>translatus</span> <span class='ocrx_word' id='word_1_275' title='bbox 494 3736 580 3795; x_wconf 91' lang='lat' dir='ltr'>este</span> <span class='ocrx_word' id='word_1_276' title='bbox 604 3731 733 3813; x_wconf 84' lang='lat' dir='ltr'>regione</span> <span class='ocrx_word' id='word_1_277' title='bbox 755 3731 942 3796; x_wconf 89' lang='lat' dir='ltr'>adscribam.</span> 
     </span>
    </p>
   </div>
   <div class='ocr_carea' id='block_1_5' title="bbox 277 3978 552 4048">
    <p class='ocr_par' dir='ltr' id='par_1_8' title="bbox 277 3978 552 4048">
     <span class='ocr_line' id='line_1_34' title="bbox 277 3978 552 4048; baseline 0 -14"><span class='ocrx_word' id='word_1_278' title='bbox 277 3985 299 4044; x_wconf 83' lang='lat' dir='ltr'>q</span> <span class='ocrx_word' id='word_1_279' title='bbox 317 3978 384 4033; x_wconf 76' lang='lat' dir='ltr'>vine</span> <span class='ocrx_word' id='word_1_280' title='bbox 402 3995 460 4048; x_wconf 78' lang='lat' dir='ltr'>cap.</span> <span class='ocrx_word' id='word_1_281' title='bbox 481 3980 552 4034; x_wconf 80' lang='lat' dir='ltr'>xvi.</span> 
     </span>
    </p>
   </div>
   <div class='ocr_carea' id='block_1_6' title="bbox 0 0 1400 4508">
    <p class='ocr_par' dir='ltr' id='par_1_9' title="bbox 0 0 1400 4508">
     <span class='ocr_line' id='line_1_35' title="bbox 0 0 1400 4508; baseline 0 6"><span class='ocrx_word' id='word_1_282' title='bbox 0 0 1400 4508; x_wconf 95' lang='lat' dir='ltr'> </span> 
     </span>
    </p>
   </div>
  </div>
 </body>
</html>
