2714 4500
477 134 478 138 ‘
596 156 674 211 Felix
691 156 819 226 Rudolph

718 350 795 393 σεν.
829 320 1039 416 Ἀλκιβιάδης
1062 328 1100 394 δὲ
1113 321 1290 412 Ὀλύμπια

717 428 853 516 νικήσας
864 421 987 516 ἀρματι
997 432 1136 516 πρῶτος
1146 432 1205 497 καί
1216 428 1291 496 δεό-

716 554 811 616 τερος
824 533 881 596 καλ
895 535 1061 617 τέταρτος,
1079 530 1128 608 εἷς
1140 530 1183 610 ἃς
1194 538 1290 608 νίκας

716 634 771 698 καὶ
794 624 979 720 Εὐριπίδης
1004 632 1151 720 ἔγραψεν
1175 632 1291 701 έπινί-

714 757 796 813 κιον,
818 731 930 811 δόσας
945 731 1117 820 Ὀλυμπίῳ
1139 739 1201 802 Διὶ
1226 734 1289 821 τῆν

716 834 905 922 πανήγυρον
933 838 1048 902 πᾶσαν
1079 837 1287 904 εἱστίασε.

714 934 753 1002 τὸ
771 929 851 1003 αῦτὸ
868 935 1008 1025 ἐποίησε
1028 939 1085 1005 καὶ
1100 938 1287 1026 Λεώφρων

713 1031 951 1121 Ὀλυμπίασιν,
997 1036 1161 1106 έπινίκιον
1201 1040 1289 1126 γρό-

716 1152 846 1223 ψαντος
874 1141 934 1206 τοῦ
955 1145 1057 1206 Κείου
1079 1141 1287 1224 Σιμωνίδου.

127 1243 275 1331 Σάτυρος
291 1237 323 1309 δ’
340 1242 373 1310 ἐν
388 1258 460 1321 τοῖς
481 1250 570 1329 βίοις
586 1249 689 1335 φησὶν
713 1234 988 1328 Ἐμπεδοκλῆς
1010 1234 1043 1306 (λ’
1061 1237 1078 1308 0‘
1100 1235 1289 1330 Ἀκραγαν-

128 1338 182 1413 ῦτι
211 1339 485 1433 Ἐμπεδοκλῆς
520 1345 594 1426 υίὸς
630 1347 690 1432 μέν
715 1357 806 1419 τῑνος
820 1337 1120 1426 ἵπποιςὈλόμπια
1133 1345 1288 1434 νικήσας,

127 1433 167 1536 ῆν
181 1445 374 1528 Ἐξαινέτου,
397 1449 556 1515 κατέλιπε
577 1449 613 1515 δὲ
635 1451 690 1515 καὶ
717 1442 955 1531 Πυθαγορικὸς
976 1433 1023 1509 τόν
1044 1447 1100 1511 καὶ
1123 1443 1290 1531 ἐμψύχων

128 1542 229 1626 αὐτὸς
250 1547 323 1616 υίδν
340 1541 539 1627 Ἐξαίνετον·
569 1547 629 1616 έπί
655 1576 692 1617 τε
719 1540 933 1629 ἀπεχόμενος,
956 1543 996 1610 ἐκ
1019 1545 1196 1634 σμύρνης
1213 1553 1289 1617 καὶ

126 1653 187 1736 τῆς
203 1644 611 1739 αῦτῆςὉλυμπιάδοςτὸν
632 1651 692 1736 μέν
719 1649 952 1733 λιβανωτοῦ
974 1649 1134 1715 καὶτῶν
1157 1652 1289 1715 πολυ-

126 1751 228 1836 ίππῳ
250 1753 360 1840 κέλητι
388 1745 605 1840 νενικηκέναι,
635 1751 694 1819 τόν
718 1748 1017 1816 τελεστάτων
1053 1743 1289 1838 ἀρωμάτων

129 1845 162 1916 δ’
176 1849 250 1918 υἱόν
263 1845 364 1919 αῦτοῦ
375 1852 476 1939 πάλη,
492 1847 522 1940 ῆ,
539 1849 693 1941 ιόςῊρα-
717 1855 816 1936 βοῦν
839 1845 1083 1930 ἀναπλάσας
1103 1852 1289 1937 διένειμε

128 1953 261 2041 κλείδης
282 1950 372 2040 έντῆ
390 1950 544 2041 ἐπιτομῇ,
568 1955 692 2044 δρόμῳ.
718 1965 808 2030 τοῖς
844 1951 906 2029 είς
936 1951 1010 2041 τήν
1044 1953 1289 2041 πανήγυριν

130 2052 206 2140 ἐγώ
232 2047 397 2144 δἐῦρον
421 2054 566 2135 ἐντοῖς
589 2052 693 2124 ῦπο-
720 2047 1027 2141 ἀπαντήσασιν.
1072 2051 1089 2121 δ
1124 2054 1160 2120 δὲ
1195 2062 1290 2134 Χῖος

128 2156 313 2244 μνήμασι
338 2162 602 2242 Φαβωρίνου,
626 2152 693 2227 ὅτι
711 2150 785 2224 ’λων
807 2158 994 2244 τραγῳδίαν
1021 2156 1154 2243 νικήσας
1175 2150 1290 2245 Ἀθή-

128 2261 196 2325 καὶ
216 2261 316 2343 βοῦν
334 2257 462 2325 ἔθυσε
483 2273 570 2338 τοῖς
587 2265 692 2327 {stew-
719 2280 813 2346 νησιν
843 2256 971 2346 ἑκάστῳ
1000 2262 1066 2324 τιῦν
1088 2252 1289 2346 Ἀθηναίων

130 2373 219 2445 ροῑς
241 2356 258 2426 ὁ
278 2352 541 2449 ’Ἐμπεδοκλῆς
560 2359 600 2427 έκ
621 2367 692 2445 μέ·
719 2359 821 2426 έδωκε
842 2367 930 2427 Χῖον
951 2359 1118 2445 κεράμιον.

130 2463 246 2537 λιτος
267 2463 335 2527 καὶ
358 2454 556 2549 ἀλφίτων.
703 2479 707 2524 Ι

128 2565 219 2630 Haee
241 2565 343 2631 uerbe
369 2584 411 2631 ex
431 2565 600 2633 Athenaeo
628 2566 806 2649 adscripta,
834 2565 965 2631 remotis
991 2565 1030 2631 iis
1060 2583 1142 2648 quae
1170 2565 1214 2630 ab
1244 2585 1288 2632 eo

128 2667 201 2751 ipso
229 2666 438 2749 praefationis
466 2667 538 2734 loeo
567 2667 695 2735 adiecta
722 2661 796 2734 eunt
823 2699 865 2710 -
891 2684 995 2749 neque
1018 2665 1148 2731 difficile
1171 2672 1221 2732 est
1245 2686 1289 2732 ea

128 2766 344 2832 internoscere
360 2801 411 2850 —,
433 2767 477 2834 ad
491 2771 811 2853 ueeememnigenae
827 2766 980 2834 historiae
1000 2762 1148 2841 ἑστίασις
1169 2766 1287 2833 uiden·

129 2873 180 2932 tur
201 2865 384 2932 reuocanda
406 2886 487 2934 esse.

689 2996 718 3036 ο.

128 3069 181 3132 Di.
201 3067 256 3134 La.
273 3066 360 3151 VIII,
376 3071 434 3134 63:
460 3071 535 3136 Ath.
552 3072 630 3136 XIV
652 3093 678 3138 c.
694 3074 732 3135 12
755 3092 786 3155 p.
803 3073 909 3135 620a:
937 3059 1004 3133 Οῦκ
1020 3059 1229 3133 ἀπελίποντο
1247 3068 1287 3134 δὲ

460 3166 554 3255 ῆμιῦν
565 3173 632 3236 τιῦν
644 3175 842 3254 συμποσίων
853 3162 929 3234 οῦδὲ
944 3167 1091 3256 ῥαψιμδ
1099 3173 1147 3233 οί.
1171 3167 1287 3254 ἐ’χαιρε

460 3270 523 3357 γάρ
553 3286 625 3349 τοῖς
643 3267 786 3358 Ὁμήρου
815 3266 833 3337 δ
858 3268 1144 3356 Λαρήνσιος...
1168 3262 1223 3337 ὅτι
1248 3266 1281 3335 δ’

462 3371 637 3439 ἐκαλοῦντο
661 3372 699 3438 οἱ
721 3370 903 3457 ῥαψῳδοὶ
927 3373 983 3436 καί
998 3363 1284 3459 δμηρισταὶᾺρι-

462 3475 600 3560 στοκλῆς
623 3473 749 3560 ε’ίρηκεν
772 3471 805 3538 έν
821 3474 869 3556 τῷ
892 3474 972 3555 περὶ
991 3477 1111 3560 χορῶν.
1144 3473 1224 3552 τοῦς
1247 3475 1284 3540 δέ

460 3578 518 3642 νῦν
540 3571 725 3661 δμηριστὰς
746 3567 1010 3656 ὀνομαζομένους
1039 3578 1205 3659 πρῶτος
1235 3575 1284 3653 εἰς

461 3676 502 3741 τὰ
518 3680 649 3759 θέατρα
664 3674 838 3761 παρήγαγε
852 3673 1045 3762 Δημήτριος
1064 3672 1081 3742 ό
1097 3677 1282 3764 Φαληρεύς.

461 3778 665 3859 Χαμαιλέων
696 3769 728 3840 δ’
755 3774 788 3841 έν
811 3779 859 3861 τη]
888 3779 966 3862 περὶ
994 3776 1197 3865 Στησιχόρου
1226 3781 1283 3844 καί

461 3877 701 3965 μελῳδηθῆναί
730 3899 832 3963 φησιν
863 3870 900 3942 οῦ
934 3877 1036 3961 μόνον
1068 3877 1111 3944 τὰ
1138 3874 1282 3964 Ὁμήρου
