2714 4500
128 243 166 298 De
181 243 305 299 fontibus
318 244 414 313 quibus
426 243 556 298 Aelianus
574 242 602 296 in
619 242 696 296 naria
708 241 822 298 historia
835 243 1022 312 componenda
1034 259 1100 298 uano
1113 244 1156 298 ait.
1186 243 1245 303 105

110 436 144 482 ex
164 437 228 482 una
251 416 429 499 eademque
444 415 622 482 Alexandri
644 414 779 481 historia
801 415 952 500 deinceps
974 422 1110 499 apparet
1133 415 1249 482 hausta

110 538 180 585 eoae.
225 518 324 584 Porro
353 517 407 585 hio
431 511 532 585 ‘liber
552 515 668 600 grandi
693 507 867 582 uolumine'
893 522 962 582 erat
987 510 1183 583 ‘elaboratus
1206 538 1247 584 ex

104 620 206 686 multis
222 624 255 685 et
268 619 366 685 uariis
382 625 414 685 et
428 618 559 686 remotis
572 607 790 701 lectionibns'‚
813 617 848 683 id
871 623 919 683 est
940 622 975 681 ut
996 618 1113 684 scimus
1129 637 1147 684 e
1163 638 1246 685 ccm-

104 722 262 787 mentariis
276 719 478 805 Pamphilae,
500 726 536 786 ut
549 718 720 787 Nietzeche
743 720 922 803 suspicatur
945 738 986 785 ex
1001 718 1247 804 Philostephani

70 888 77 893 .
105 842 196 908 opere
219 823 299 904 περὶ
321 815 513 908 εὑρημάτων
535 822 722 906 composito,
745 826 913 906 praeterea
933 821 1067 887 fortasse
1089 840 1131 888 ex
1152 822 1246 887 Pam-

102 924 189 1008 philo
211 925 326 991 aliisue
348 922 479 991 asseclis
500 921 644 1007 Didymi.
684 922 884 1005 Quamquam
905 924 1068 1006 Aelianus,
1091 928 1127 990 ut
1147 922 1247 990 Athe·

103 1029 188 1110 naei,
219 1027 265 1092 ita
292 1025 387 1092 huius
416 1026 523 1110 operis
551 1024 674 1091 indices
703 1026 736 1090 in
763 1024 1005 1090 transcribendo
1029 1026 1187 1092 contraxit
1216 1032 1248 1092 ot

105 1129 262 1195 lacerauit

183 1229 277 1295 Nune
299 1248 375 1294 nero
398 1248 461 1293 non
482 1228 575 1312 parui
597 1227 749 1293 momenti
765 1234 814 1293 cst
832 1246 1035 1310 cognoscere,
1059 1247 1142 1311 quae
1163 1231 1245 1296 ratio

105 1332 181 1398 inter
196 1330 400 1414 omnigenam
414 1328 581 1396 historiam
597 1334 628 1394 et
644 1334 767 1395 ceteros
782 1328 881 1395 libros
893 1328 1045 1395 Fauorini
1059 1329 1245 1395 interfuerit.

72 1505 76 1508 ,
104 1434 146 1502 Ac
167 1435 272 1519 primo
293 1433 365 1498 loco
387 1431 494 1497 animo
517 1430 663 1514 obicitur,
687 1428 773 1513 quod
797 1429 911 1496 eadem
933 1436 1138 1514 argumenta,
1162 1450 1246 1514 quae

104 1537 133 1602 in
154 1533 401 1616 commentariis,
424 1533 458 1597 in
480 1530 541 1597 hac
564 1552 692 1615 quoque
715 1530 1012 1615 deprehenduntur:

104 1655 149 1721 Di·
164 1657 223 1722 La·
236 1652 323 1735 Vffl²
338 1653 391 1716 123
684 1633 736 1698 Di.
752 1633 808 1698 La.
823 1633 910 1717 VIII,
930 1637 983 1698 12:
1012 1637 1161 1719 Λέγεται
1189 1636 1245 1700 καὶ

685 1735 775 1820 πριῦ
780 1756 849 1810 τος
865 1732 1097 1821 (Πυθαγόρας)
1112 1738 1246 1823 κρέασιν

686 1826 829 1921 ἆσκῆσαι
862 1828 1029 1924 ἀθλητάς,
1062 1838 1119 1903 καὶ
1151 1839 1246 1923 πρώ-

685 1935 742 2003 τόν
764 1929 795 2022 γ’
815 1930 1002 2026 Εὐρυμένην
1008 1990 1017 2019 ,
1047 1936 1140 2004 καθά
1163 1961 1246 2026 φησι

688 2043 934 2125 Φαβωρῖνος
957 2038 998 2106 ἒν
1020 2046 1145 2128 τρίτῳ
1167 2043 1246 2107 ταῖν

688 2134 1145 2227 ἀπομνημονευμάτων,
1179 2145 1246 2207 τῶν

686 2241 850 2328 πρότερον
864 2241 976 2324 ἰσχάσι
992 2242 1105 2331 ξηραῖς
1119 2245 1174 2309 καὶ
1187 2250 1246 2308 τυ-

686 2357 757 2430 ροῖς
785 2339 910 2430 ὑγροῖς,
941 2337 1026 2409 ἀλλὰ
1048 2347 1104 2410 καί
1125 2360 1246 2432 πυροῖς

686 2445 949 2528 σωμασκούντων
973 2439 1100 2528 αὐτούς,

101 2533 255 2619 καθάπερ
285 2530 302 2601 ό
334 2527 433 2610 αὐτὸς
465 2538 658 2618 Φαβωρί-

102 2661 164 2715 νος
187 2635 226 2703 ἐν
243 2629 361 2723 ὀγδόη
385 2635 658 2723 παντοδαπῆς

102 2737 293 2826 ἱστορίας
316 2744 436 2826 φησίν;
459 2739 656 2823 cf.V111,47.

99 2859 149 2925 Di.
169 2861 226 2926 La.
243 2859 336 2943 VIII,
355 2864 383 2943 1,
401 2864 440 2923 14
470 2859 511 2925 de
538 2857 656 2942 Pytha·
684 2857 736 2921 Di.
747 2857 803 2923 La.
818 2857 875 2941 IX,
888 2858 916 2940 3,
925 2860 965 2922 23
982 2857 1023 2924 de
1037 2858 1244 2927 Parmenide:

99 2981 189 3044 gera:
216 2957 359 3045 Πρῶτόν
381 2963 417 3024 τέ
439 2981 525 3046 φασι
540 2961 658 3024 τοῦτον
684 2958 752 3022 Καὶ
779 2955 869 3025 δοκεῖ
890 2961 1024 3046 πρῶτος
1047 2964 1245 3047 πεφωρακέ-

99 3052 274 3147 άποφῆναι
304 3058 364 3147 τὴν
398 3058 505 3147 ψυχὴν
541 3057 657 3126 κύκλον
684 3084 739 3124 ναι
766 3057 824 3125 τόν
848 3057 948 3127 αὐτόν
976 3057 1062 3127 εἶναι
1075 3053 1245 3148 Ἕσπερον

99 3153 238 3248 ἀνάγκης
252 3153 456 3246 άμείρίουσαν
472 3155 656 3228 ἄλλοτ’άλ-
682 3163 738 3226 καὶ
763 3160 962 3249 Φωσφόρον,
986 3154 1029 3239 ἶός
1050 3185 1135 3251 φησι
1159 3169 1245 3228 Φα-

99 3263 168 3342 λοις
180 3261 353 3330 ἐνδεῖσθαι
365 3261 477 3349 ζηίοις·
493 3265 548 3329 καὶ
561 3266 656 3350 πρυῖ-
682 3267 862 3350 βωρῖνος
890 3261 930 3329 ἐν
957 3267 1133 3350 πέμπτῳ
1164 3267 1219 3330 τῶ
1227 3290 1245 3330 ν

98 3364 213 3442 τονείς
228 3358 472 3452 τούςἝλληνας
486 3367 655 3452 μέτρακαὶ
685 3357 1135 3453 ἀπομνημονευμάτων·
1159 3366 1191 3432 oi
1208 3366 1244 3432 δὲ

99 3465 237 3551 σταθμὰ
269 3466 528 3555 εἰσηγήσασθαι,
564 3466 657 3532 καθά
684 3466 901 3552 Πυθαγόραν.
952 3469 1166 3552 Καλλίμαχος
1208 3468 1245 3534 δέ
1329 3519 1333 3530 ,

100 3590 201 3656 φησιν
225 3562 455 3652 Ἀριστόξενος
486 3564 504 3634 ό
538 3592 657 3653 μουοι-
685 3591 767 3657 φησι
782 3565 826 3653 μὴ
841 3564 926 3634 εἶναι
939 3561 1039 3634 αὐτοῦ
1053 3567 1090 3636 τό
1103 3575 1243 3659 ποίημα.
1264 3602 1267 3609 ·

99 3668 170 3747 κός·
200 3669 336 3756 πρῶτόν
356 3664 396 3734 θ)
412 3662 580 3757 Ἕσπερον
602 3672 656 3736 καὶ

102 3771 291 3859 Φωσφόρον
318 3770 376 3837 τόν
411 3764 510 3837 αὐτόν
538 3770 655 3853 εἰπεῖν,

101 3873 132 3936 οἱ
155 3873 190 3937 δέ
219 3894 306 3960 φασι
327 3872 549 3962 Παρμενίδην.
594 3874 656 3953 Qui

100 3974 187 4041 locus
219 3975 423 4041 Fauorino
456 3976 591 4044 debetur
625 3984 657 4044 ct
