2714 4500
165 168 185 226 6
548 200 549 203 ¹
627 163 704 231 Felix
721 162 848 233 Rudolph

165 359 236 408 cem
259 345 291 406 et
313 339 383 406 eius
406 330 575 401 ἁλιευτικὰ
593 336 697 419 deque
721 356 759 403 eo
775 337 914 418 loquitur
929 343 1093 417 tamquam
1108 336 1173 400 iam
1190 342 1318 402 mortuo

165 442 182 506 I
201 462 233 526 p.
251 445 289 506 13
314 439 364 506 his
387 439 494 506 uerbis
516 458 605 505 usus:
627 433 686 502 τὸν
709 428 810 522 ὀλίγῳ
832 433 899 521 πρὸ
923 437 1015 521 ἡμῶν
1036 434 1214 520 γενόμενον
1233 429 1316 502 Ὀνο-

166 540 288 608 ιιιανὸν
316 537 375 606 τὸν
398 540 534 624 Κίλικας
562 539 744 624 Oppianum
774 560 851 606 uero
880 539 1021 605 carmina
1042 559 1100 605 sua
1122 541 1251 606 misisse
1275 541 1316 606 ad

165 645 360 712 Antoninum
383 642 600 723 Caracallum,
630 661 725 724 quem
753 642 880 726 peperit
901 641 985 705 Iulia
1006 641 1133 707 Domna
1155 641 1315 725 Septimio

165 747 296 813 Seuero.
329 745 415 810 Sane
431 742 693 827 Pseudooppiani
704 746 725 822 ¹)
747 743 960 832 Apameensis
971 744 994 819 Ι)
1009 739 1202 829 κονηγετικὰ
1218 744 1315 810 Oara-

165 849 268 915 callae
297 845 478 922 dedicatai)
505 850 587 911 sunt.
631 845 730 928 Atqui
759 843 840 911 haec
868 864 997 928 prorsus
1023 843 1105 909 nihil
1127 845 1251 912 faciunt
1274 845 1315 912 ad

164 951 256 1016 illum
278 950 384 1015 locum
405 944 575 1029 Athenaei,
600 947 720 1030 quippe
743 947 798 1030 qui
820 967 931 1013 uerum
947 944 1130 1030 Oppianum
1153 946 1315 1032 Oorycen·

165 1071 232 1118 sem
243 1053 276 1133 ⁴),
300 1051 389 1114 illum
411 1048 560 1114 carminis
583 1047 624 1113 de
646 1049 770 1131 piscatu
794 1047 915 1114 conditi
937 1054 1109 1130 auctorem,
1136 1050 1315 1134 intellegat.

250 1151 451 1233 Quamquam
475 1150 664 1216 exstiterunt
686 1150 740 1232 qui
759 1151 855 1215 etiam
870 1142 1041 1242 ἁλιευτικὰ
1056 1149 1245 1217 caracallae
1263 1152 1316 1218 dc·

165 1254 273 1320 dicata
301 1271 372 1319 esse
400 1256 584 1318 statuerent.
630 1249 796 1335 Oppianus
826 1252 909 1317 enim
932 1252 1128 1317 Antoninum
1151 1253 1316 1335 quendam

165 1357 390 1440 imperatorem
414 1354 508 1419 simul
531 1373 602 1418 cum
625 1352 692 1418 filio
714 1355 860 1420 uersibus
883 1352 933 1419 his
956 1354 1144 1437 alloquitur:

205 1467 260 1549 IV,
284 1471 317 1531 4:
344 1456 444 1528 Ἀλλὰ
467 1459 507 1526 σύ
529 1486 598 1544 μοι,
620 1460 774 1546 adparere
796 1460 1029 1544 πολισσούχων
1050 1460 1223 1548 βασιλήων

347 1557 464 1640 Αὐτός
484 1555 511 1627 τ’
535 1557 719 1648 Ἀντιονῖνε,
742 1565 798 1629 καὶ
820 1563 909 1641 υἱέος
930 1556 1078 1650 ἠγάθεον
1099 1567 1158 1650 κῆρ

348 1663 547 1752 Πρόφρονες
569 1664 729 1732 εἷσαΐοιτε
751 1667 818 1731 κτλ.
853 1667 892 1734 cf.
910 1668 981 1751 etl,
999 1670 1028 1750 3,
1044 1671 1095 1750 66,
1117 1668 1159 1748 11,
1176 1669 1251 1733 682.

248 1778 316 1844 Iam
346 1797 417 1845 cum
444 1775 732 1860 Schweighaeuser
740 1779 763 1855 ⁵)
792 1779 863 1861 quis
893 1778 1021 1844 tandem
1052 1777 1104 1844 hic
1132 1778 1318 1846 Antoninus

164 1900 235 1947 cum
257 1879 323 1945 lilio
347 1879 442 1944 fuerit
464 1879 592 1944 omnino
615 1899 678 1944 non
694 1881 882 1962 sciscitetur,
906 1881 930 1945 Ι.
947 1880 986 1946 G.
1002 1879 1181 1947 Schneider
1190 1881 1213 1956 6)
1231 1880 1318 1948 duce

164 1981 330 2066 Scaligoro
363 2000 436 2046 oum
466 1987 557 2064 putat
586 1980 836 2063 intellegendum
864 2001 935 2048 esse
964 1981 1182 2064 Caracallum,
1217 1975 1318 2064 quem

162 2083 316 2149 Antonini
338 2102 453 2148 nomen
476 2082 538 2148 sibi
560 2103 728 2167 arrogasse
751 2088 883 2149 constat.
925 2084 968 2148 At
990 2105 1054 2150 non
1077 2082 1189 2149 habuit
1210 2083 1317 2150 lilium

163 2186 254 2270 regni
283 2185 482 2270 participem.
526 2186 577 2250 An
605 2187 708 2252 mauis
730 2184 938 2269 Septimium,
967 2185 1153 2252 Oaracallae
1175 2192 1316 2271 patrem,

164 2287 223 2353 illa
244 2286 462 2373 appellatione
484 2308 504 2353 a
526 2293 623 2371 poeta
638 2286 837 2371 significari?
860 2289 903 2353 At
917 2287 1071 2352 Antonini
1093 2289 1222 2355 nomine
1237 2309 1318 2356 usus

164 2409 235 2456 esse
265 2409 328 2454 non
357 2388 501 2454 traditur.
546 2389 659 2472 Itaque
681 2390 755 2466 Ιίεῑ)
783 2390 932 2456 assentiri
959 2409 1023 2454 non
1052 2388 1163 2455 dubito
1194 2391 1250 2473 qui
1274 2391 1316 2456 M.

164 2491 330 2556 Aurelium
345 2490 540 2556 Antoninum
560 2491 692 2573 eiusque
707 2490 808 2555 filium
823 2489 1017 2556 Antoninum
1034 2488 1244 2562 Oommodum
1261 2492 1318 2559 de·

165 2592 285 2674 signari
316 2591 457 2657 credunt.
502 2592 637 2658 Accedit
668 2592 753 2675 quod
777 2591 960 2676 Oppianum
988 2593 1122 2657 Marco
1152 2592 1318 2660 Antonino

163 2695 342 2778 imperante
364 2691 509 2760 floruisse
524 2693 643 2759 Suidas
665 2693 771 2759 tradit.
809 2693 958 2760 Ooncidit
980 2694 1077 2777 igitur
1092 2701 1317 2776 argumentum

164 2813 227 2877 quo
250 2791 451 2858 Athenaeum
477 2796 563 2860 circa
590 2815 707 2860 annum
730 2797 791 2858 220
821 2796 890 2861 siue
913 2796 1078 2878 aliquanto
1101 2801 1175 2878 post
1196 2789 1318 2880 princi·

164 2903 275 2982 patum
298 2894 484 2962 caracallae
507 2898 675 2981 scripsisse
698 2896 905 2981 comprobare
929 2897 1035 2962 conati
1057 2903 1137 2962 sunt.

249 2998 292 3062 At
314 2996 399 3062 enim
423 2995 711 3084 Schweighaeuser
733 2998 905 3064 editionem
929 2995 1222 3084 δειπνοσοφιστῶν
1244 3010 1321 3084 post

52 3096 71 3120 ‘'
164 3120 281 3166 annum
303 3098 430 3164 demum
441 3078 515 3163 Γ228
537 3100 654 3168 factam
669 3120 739 3166 esse
755 3099 927 3165 contendit.
966 3099 1113 3183 Namque
1128 3098 1320 3171 Athenaeus

80 3280 87 3305 s
163 3203 246 3267 inter
268 3200 350 3266 alios
366 3198 495 3266 sodales
510 3202 660 3285 conuiuii,
683 3200 768 3267 unde
783 3202 976 3284 farraginem
992 3220 1083 3266 suam
1097 3201 1228 3268 ductam
1245 3224 1320 3273 esse

163 3302 271 3386 fingit,
302 3301 478 3384 Ulpianum
508 3304 668 3385 quendam
691 3304 824 3387 Tyrium
854 3302 1032 3369 identidem
1057 3303 1177 3369 laudat.
1222 3307 1321 3376 Hunc

164 3404 220 3469 ille
241 3423 304 3470 non
328 3403 541 3469 dirimendum
565 3423 635 3471 esse
658 3411 767 3471 censet
782 3406 823 3470 ab
840 3405 980 3488 Ulpiano
996 3405 1221 3472 iurisconsulto
1239 3409 1320 3476 item

168 3523 372 3530 .--——..—--

164 3669 187 3723 L
251 3590 275 3651 1)
297 3585 408 3656 Pauly's
430 3585 601 3658 Reslencycl.
620 3589 645 3644 V
663 3605 690 3658 p.
709 3593 774 3657 9503
798 3587 819 3642 I.
846 3588 877 3642 G.
903 3587 1050 3644 Schneider
1071 3589 1157 3658 praef.
1184 3590 1219 3644 ad
1247 3592 1320 3663 Opp.

187 3669 238 3738 ips.
260 3673 334 3724 1813.

250 3757 274 3819 2)
293 3754 392 3823 Cyneg.
411 3757 446 3823 ΙΙ,
463 3761 595 3812 125-128
613 3763 640 3812 ct
660 3762 708 3812 156
717 3771 757 3824 sq.
827 3760 852 3822 3)
872 3755 940 3812 Ibld.
960 3757 980 3823 l,
994 3761 1057 3827 hoq.

249 3842 275 3903 4)
293 3838 367 3894 Suid.
386 3856 408 3895 s.
427 3857 454 3894 u.
470 3837 621 3896 ’θππιανὸο
637 3847 665 3895 et
682 3841 793 3896 halieut.
812 3842 861 3909 ΙΙΙ,
874 3845 931 3896 209.

251 3928 276 3988 5)
294 3923 311 3977 l.
331 3925 350 3978 l.
421 3932 446 3990 til
464 3926 481 3980 l.
501 3926 518 3979 l.
589 3932 613 3991 t)
632 3927 739 3997 Pauly's
758 3925 929 3997 Reulencycl.
944 3926 973 3981 'V
991 3942 1019 3996 p.
1033 3932 1092 3983 950.
