2714 4500
10 208 13 309 ἶ
94 246 140 301 De
159 246 282 303 fontibus
300 246 397 316 quibus
408 246 538 302 Aelianus
556 247 585 302 in
597 247 676 302 uaria
687 247 801 302 historia
814 247 1001 316 componenda
1012 263 1078 303 usus
1091 234 1135 303 sit.
1172 250 1211 306 81

58 422 99 486 In
121 442 154 487 u.
171 420 202 486 h.
219 421 293 504 XII,
310 424 360 504 22,
384 422 437 504 qui
459 422 549 487 loeus
571 441 623 486 ne·
655 419 856 503 Phrynichus
871 442 902 505 p.
919 423 958 485 37
975 420 1122 487 Lobech:
1134 412 1212 485 Ἔπ-

61 543 128 607 que
143 522 288 589 Zenobio
304 541 408 604 neque
424 522 626 606 Diogeniano
655 518 904 602 εξελευοόμενος
933 515 1033 597 ἄλλος
1055 514 1151 598 οὗτος
1172 507 1212 608 ῆν

61 625 202 692 debetur
220 622 379 708 quomodo
398 622 550 708 adagium
567 616 626 687 άλ-
651 617 826 709 Ἡρακλῆς.
850 625 946 688 τοῦτο
970 608 1027 689 οὖν
1041 620 1155 708 έσυρεν
1178 620 1212 688 ἐκ

62 728 123 803 λος
151 720 248 802 οὗτος
268 720 434 811 Ἡρακλῆς
460 732 562 791 ortum
586 727 626 792 sit
652 723 786 810 τριόδου
804 730 1063 811 Φαβωρῖνος·
1079 722 1211 811 καὶγὰρ

61 831 244 914 exponitur.
653 825 803 909 ἐπέξειμι
826 828 964 912 λέγεται,
988 819 1061 891 άλλ)
1077 819 1135 892 οὐκ
1150 824 1211 891 έπ·

652 926 875 1012 εξελεόσομαι.
956 944 958 950 “

62 1049 161 1129 Quod
175 1049 381 1134 prouerbium
395 1050 428 1114 in
444 1050 615 1132 omnigena
638 1047 771 1114 historia
792 1050 927 1116 fortasse
946 1050 1004 1116 sub
1020 1068 1100 1114 uoce
1115 1052 1211 1133 Παρ-

64 1155 176 1234 οιμίαι
200 1151 331 1217 exstit't.
1114 1236 1116 1240 Ι

75 1277 79 1282 ·
150 1254 243 1318 Nunc
272 1273 365 1336 uero,
397 1272 467 1318 oum
491 1251 616 1317 circiter
639 1258 752 1333 quarta
774 1271 849 1335 pars
872 1252 1032 1316 uariorum
1055 1252 1210 1335 congluti-

62 1357 150 1422 natis
179 1355 336 1438 exemplis
366 1373 407 1419 ex
434 1354 604 1436 omnigena
626 1352 760 1419 hIstoria
782 1353 979 1437 depromptis
1002 1353 1209 1436 contineatur,

64 1457 108 1522 de
129 1457 290 1522 lemmatis
313 1460 420 1524 antem
442 1455 524 1519 inter
546 1474 581 1520 se
602 1475 667 1520 non
689 1456 820 1521 conexis
838 1455 904 1520 alia
919 1454 961 1520 ad
977 1453 1122 1537 eandem,
1145 1455 1211 1520 alia

63 1559 107 1624 ad
136 1557 381 1624 commentarios
403 1555 572 1621 referenda
595 1557 672 1640 sint,
703 1557 870 1623 dimidium
893 1563 978 1622 certe
1001 1557 1070 1621 eius
1092 1557 1209 1640 operis,

64 1660 152 1742 quod
181 1658 310 1741 quidem
341 1663 525 1742 computare
553 1660 691 1742 possim,
720 1659 879 1725 Fauorino
902 1657 1129 1724 uindicandum
1152 1665 1208 1725 est.

65 1759 190 1838 Quodsi
200 1761 390 1826 assumimus
402 1760 437 1825 id
448 1760 535 1842 quod
546 1762 651 1845 prima
661 1761 885 1827 dissertatione
896 1761 1054 1844 apparuit,
1068 1759 1210 1824 XXVIII

65 1863 263 1928 narrationes
284 1861 414 1926 maioris
436 1863 572 1928 ambitus
596 1883 636 1927 ex
658 1862 825 1928 Athenaeo
848 1862 1027 1947 descriptas
1050 1882 1137 1945 esse,
1160 1882 1208 1929 rc-

65 1964 146 2046 liqui
169 1964 273 2030 fontes
296 1963 406 2028 uariae
430 1963 582 2029 historiae
604 1985 736 2031 numero
751 1964 844 2029 multi
858 1965 957 2030 fuisse
972 1985 1035 2030 non
1051 1964 1208 2030 uidentur.

305 2165 366 2230 XI.
399 2164 452 2228 De
473 2167 640 2250 Pamphila
652 2170 673 2246 ¹)
696 2168 823 2229 Aeliani
843 2175 980 2230 auctore.

150 2301 242 2367 Phot.
266 2303 342 2367 bibl.
359 2301 429 2369 eod.
448 2308 508 2367 175
523 2324 554 2387 p.
573 2307 633 2367 119
648 2303 769 2369 Baka:
799 2293 1076 2386 Ἀνεγνιόσθησαν
1091 2306 1130 2366 Π
1133 2327 1153 2365 α
1160 2327 1210 2384 μ-

64 2402 188 2489 φίλης
214 2408 456 2485 συμμίκτων
480 2404 702 2488 ἱστορικῶν
724 2398 1031 2490 ὑπομνημάτων
1053 2399 1146 2486 λόγοι
1168 2401 1209 2490 η’.

64 2495 146 2591 αότη
171 2496 266 2589 άνδρλ
288 2504 349 2586 μὲν
365 2503 512 2591 συνηίκει,
536 2501 581 2582 οἷς
595 2507 650 2571 καὶ
668 2498 748 2591 αότῆ
763 2507 830 2570 τῶν
844 2498 1091 2590 ὑπομνημάτων
1106 2527 1210 2590 προ-

64 2603 344 2692 οιμιαζομένη
368 2603 641 2694 ἐπισημαίνεται·
665 2601 692 2694 ᾦ
713 2608 770 2672 καὶ
793 2605 832 2692 ιγ’
857 2603 912 2692 έτη
937 2602 970 2670 ἐκ
986 2601 1110 2681 παιδὸς
1126 2627 1209 2688 συμ-

61 2709 185 2792 βιοῦσα
214 2701 276 2794 ῆδη
303 2710 361 2796 τῆς
382 2703 656 2795 δπομνηματικῆς
677 2708 797 2796 ταύτης
820 2710 1009 2795 συγγραφῆς
1031 2707 1118 2792 λέγει
1141 2699 1209 2773 άπ-

64 2808 247 2895 άρξασθαι,
271 2809 461 2896 συγγράψαι
485 2810 520 2876 δέ
544 2803 564 2876 ά
587 2836 623 2876 τε
645 2808 738 2892 παρὰ
751 2812 810 2875 τοῦ
826 2803 945 2896 ἀνδρὸς
960 2807 1080 2892 μάθοι,
1103 2807 1144 2874 τά
1167 2809 1208 2896 ιγ’
1294 2833 1296 2836 ⁴

63 2911 119 2998 έτη
144 2912 286 2992 συνεχῶς
308 2904 399 2998 αὕτη]
421 2914 564 2978 συνοῦσα
586 2915 642 2978 καὶ
663 2912 729 2999 μηδ
737 2911 743 2932 ‘
760 2908 885 2999 ῆμέραν
906 2905 984 3000 μηδ’
1010 2903 1099 2997 ὥραν
1121 2904 1210 2977 άπο-

63 3015 257 3098 λειπομένη,
280 3014 335 3078 καὶ
359 3010 379 3075 ά
402 3007 484 3098 παρ’
505 3009 607 3081 άλλου
629 3012 720 3091 τινὸς
742 3007 883 3081 άκοῦσαι
905 3018 1023 3101 συνέβη
1046 3016 1112 3079 τῶν
1127 3007 1205 3099 παρ’

64 3107 166 3180 αὐτὸν
182 3106 433 3201 ἀφικνουμένων
448 3113 607 3194 (πολλοὺς
622 3115 657 3181 δὲ
673 3119 794 3203 φοιτᾶν
810 3112 916 3200 όνομα
931 3119 986 3182 καὶ
1003 3113 1102 3192 δόξαν
1118 3114 1209 3196 έχον-

61 3240 124 3293 τας
153 3214 212 3281 ἐπὶ
240 3214 408 3302 παιδείᾳ),
436 3219 491 3282 καί
521 3215 560 3304 δῆ
589 3218 646 3282 καὶ
667 3209 732 3283 όσα
752 3221 894 3303 βιβλίων
916 3212 996 3305 αότῆ
1022 3209 1208 3294 άνελέξατο.

62 3320 195 3382 ταῦτα
225 3315 266 3382 δὲ
287 3316 440 3399 πάντα,
470 3311 547 3385 όσα
570 3316 693 3404 λόγου
716 3321 783 3386 καὶ
806 3320 965 3409 μνῆμης
988 3312 1088 3404 αὐτῆ
1111 3313 1208 3396 άξια

62 3417 218 3495 έδόκει,
248 3417 310 3496 εἰς
336 3415 616 3508 ὑπομνήματα
646 3425 825 3509 συμμιγῆ
847 3424 915 3486 καὶ
940 3414 983 3487 οὗ
1007 3417 1113 3504 πρός
1133 3418 1208 3499 τὰς

63 3521 179 3600 ἰδίας
211 3515 446 3600 ὑποθέσεις
481 3522 799 3608 διακεκριμένον
833 3521 1004 3588 ἕκαστον
1034 3521 1207 3608 διελεῖν,

62 3614 1207 3712 άλλόότωςείκῆκαὶὡςέκαστονέπῆλθενάναγράψαι,

62 3722 117 3802 ὡς
139 3717 229 3806 οὐχὶ
249 3723 436 3807 χαλεπόν
460 3726 624 3808 έχουσα,
656 3730 774 3813 φησί,
797 3723 841 3792 τὸ
866 3719 950 3790 κατ’
970 3721 1081 3805 εἶδος
1106 3721 1207 3794 αὐτά

77 3969 81 3976 ,
152 3914 175 3974 1)
201 3909 229 3963 C.
254 3909 376 3966 Machor.
401 3911 449 3965 frr.
475 3911 548 3966 histt.
576 3910 671 3965 Graec.
691 3910 732 3963 III
749 3929 776 3980 p.
797 3915 854 3966 520.
886 3912 1029 3968 Westerm.
1047 3914 1076 3967 in
1099 3912 1207 3984 Pauly's

61 3993 229 4048 Realenc.V
248 4008 274 4061 p.
295 3998 369 4051 1094.

113 4085 232 4138 Leipziger
244 4087 343 4130 Studien.
364 4089 411 4131 vm
989 4086 1005 4137 6
