2714 4500
131 220 178 276 Dc
195 219 316 276 fontibus
328 219 426 289 quihus
437 219 568 274 Aelianus
585 219 613 273 in
630 219 708 274 uaria
719 216 834 275 historia
847 220 1032 288 componenda
1043 237 1109 276 usus
1123 222 1166 276 sit.
1197 223 1255 281 117

101 414 139 476 p.
151 394 223 476 131,
237 395 277 456 26
292 391 342 458 his
357 412 433 459 usus
447 392 571 459 uerbis:
594 392 650 455 καὶ
667 389 766 476 ἔγωγε
782 389 981 473 ἐθαύμαζον,
999 389 1035 477 νὴ
1052 390 1130 467 τούς
1145 393 1256 473 θεούς,

103 483 238 569 όπωςδ
256 496 453 578 Φαβωρῖνος
468 490 516 569 εἰς
536 488 596 576 τὴν
609 493 676 577 τῶν
694 485 855 558 Ἀττικῶν
870 491 984 579 φωνὴν
1000 491 1134 571 εἰωθιδς
1155 519 1257 576 μετα-

104 592 291 677 λαμβάνειν
314 591 435 660 δκαστα
457 597 523 659 τῶν
546 586 719 676 ὀνομάτων
742 586 780 659 σύ
803 591 948 659 παύεται
972 594 1075 680 λέγων
1098 591 1189 661 οὔτε
1210 595 1254 662 τδ

102 694 387 782 καταληπτόν,
412 689 486 761 ούτε
501 692 560 782 τὴν
575 687 820 782 κατάληψιν,
844 690 919 760 ούτε
932 693 992 782 τὴν
1007 698 1257 784 καταληπτι-

101 793 178 882 κὴν
197 802 431 882 φαντασίαν,
452 790 529 861 ούτε
541 793 583 861 τά
594 795 725 874 τούτοις
740 789 958 880 ἀντικείμενα,
974 796 1046 863 οἷον
1059 802 1257 886 στερητικῶς

103 895 268 982 λεγόμενα
289 890 524 984 άκυταληπτδν
542 902 741 984 φαντασίαν,
764 887 785 985 ἢ
806 896 865 986 τὴν
888 892 1122 986 ἀκαταληψίαν
1145 893 1256 986 αὐτήν.

194 1001 307 1083 Neque
330 1019 408 1083 ego,
437 1020 509 1066 cum
530 1000 721 1067 Plutarchus
749 1000 812 1067 huc
837 1022 901 1067 non
928 1003 1041 1085 iaciat,
1070 1005 1153 1070 inter
1174 1005 1256 1070 Aca·

102 1101 250 1183 demicus
272 1102 465 1167 recentiores
487 1103 563 1167 noui
585 1103 686 1168 ullum
713 1110 876 1169 auctorem
906 1103 995 1169 cuius
1025 1105 1151 1188 scriptis
1180 1106 1256 1172 illae

101 1204 245 1270 facetiae
268 1201 405 1287 Sphaeri
432 1201 618 1287 philosophi
642 1211 675 1269 et
695 1205 874 1271 Ptolemaei
895 1204 981 1286 regis
1004 1205 1161 1280 uindicari
1183 1228 1257 1291 pos·

102 1307 171 1372 sint
192 1310 320 1388 praeter
341 1304 543 1369 Fauorinum.

193 1406 342 1489 Denique
358 1407 542 1490 Diogenes,
566 1407 718 1472 Fauorini
741 1414 925 1490 excerptor,
948 1407 1019 1490 VH,
1038 1411 1096 1470 177
1122 1405 1258 1471 candem

99 1527 236 1592 prorsus
258 1507 528 1574 narratiunculam
552 1507 693 1574 exhibet.

670 1699 688 1756 4

100 1813 156 1877 Di.
181 1799 586 1901 La.V111,53:lAthon.1
608 1832 638 1895 p.
657 1816 716 1878 30:
750 1812 818 1875 Καὶ
847 1807 920 1875 ἐπὶ
942 1808 1014 1886 τὰς
1037 1808 1257 1886 ἑστιάσεις

440 1911 476 1977 δὲ
490 1913 693 1996 παρακαλῶν
708 1916 763 1989 (ευ.
780 1913 973 1991 Larensius),
994 1911 1154 1997 πατρίδα,
1167 1917 1257 1999 ’φησί

440 2021 494 2087 (so.
506 2015 714 2091 Athenaeus),
730 2011 789 2097 τὴν
801 2008 928 2098 Ῥώμην
941 2016 1046 2079 πᾶσιν
1059 2007 1258 2101 άποφαίνειι

438 2121 490 2192 τίς
518 2113 580 2200 γάρ
602 2111 643 2178 τά
666 2113 753 2178 οἴκοι
774 2118 884 2179 ποθεῖ
901 2112 1016 2199 τούτῳ
1046 2112 1148 2191 ξυνών
1175 2107 1257 2182 άναῆ

439 2220 656 2302 πεπταμένην
679 2212 787 2295 ἐ’χοντι
814 2227 885 2291 τοῖς
913 2216 1027 2301 φίλοις
1048 2213 1108 2299 τὴν
1131 2213 1258 2298 otniae,-

438 2315 522 2383 κατὰ
544 2315 605 2403 γὰρ
628 2314 852 2400 τδν-κωμικδν
873 2309 1138 2401 Ἀπολλόδωρον,

482 2416 530 2496 εἷς
553 2417 660 2485 οἰκίαν
682 2410 763 2483 όταν
783 2441 835 2494 τις
857 2416 943 2504 εἰσίῃ
967 2418 1085 2504 φίλου,

483 2518 572 2586 ἔστιν
595 2525 751 2605 θεωρεῖν,
774 2521 950 2606 Νικοφῶν,
972 2515 1031 2603 τὴν
1046 2521 1107 2590 τού
1128 2519 1228 2605 φίλου

483 2615 613 2688 εύνοιαν
636 2615 738 2698 εύθδς
760 2620 908 2698 εἰσιόντα
930 2619 991 2697 τάς
1012 2619 1131 2706 θύρας.

481 2717 499 2787 δ
522 2721 679 2810 θυριορδς
702 2721 818 2810 ἱλαρὸς
838 2720 972 2808 πρῶτόν
995 2718 1098 2801 ἐστιν,
1113 2717 1145 2807 ἡ
1169 2720 1256 2798 κύων

481 2818 576 2911 ἔσηνε
597 2826 653 2890 καὶ
674 2818 859 2911 προσῆλθ’,
881 2819 1075 2909 ὑπαντήσας
1098 2823 1135 2889 δέ
1155 2847 1207 2901 τις

482 2924 602 3012 δίφρον
625 2919 753 3004 εύθέως
775 2915 975 3014 ἕθηκε,,κάν
996 2925 1112 3013 μηδεὶς
1135 2927 1210 3011 λέγῃ

480 3025 592 3112 μηδέν.

438 3125 610 3205 τοιούτους
622 3128 690 3196 ἐ’δει
700 3132 756 3195 καὶ
767 3128 845 3209 τούς
857 3127 996 3205 λοιπούς
1009 3124 1095 3194 εἶναι
1103 3128 1254 3204 πλείους·

438 3224 484 3307 ῶς
506 3243 577 3307 τοῖς
593 3245 635 3316 ’γε
655 3229 699 3319 μὴ
724 3235 821 3298 τούτο
852 3233 1008 3297 ποιούσιν
1037 3227 1105 3316 ἐρεῖ
1131 3252 1183 3304 τις
1208 3223 1256 3295 (τί

437 3333 661 3418 μικρολογεῑς,·
683 3334 800 3399 πλεῖαί
814 3357 866 3400 τοι
882 3331 974 3398 σ’ίνου
993 3331 1129 3396 κλισίαι.
1159 3329 1254 3396 δαίνυ

439 3432 538 3499 δαῖτα
559 3438 694 3519 γέρουσι
715 3433 876 3500 θάλειαν·
900 3433 987 3500 >εὀικέ
1008 3425 1088 3496 τοτ’.

480 3538 631 3612 τοιοῦτος
643 3523 683 3622 ἦν
699 3539 740 3622 τῇ
753 3537 984 3621 μεγαλοψυχίᾳ
1005 3529 1022 3598 ό
1042 3537 1144 3617 μέγας
1161 3525 1254 3597 Ἀλέ-

439 3634 586 3721 ξανδρος.
617 3636 735 3703 Κόνων
751 3636 787 3702 δὲ
802 3640 841 3724 τῇ
855 3638 936 3722 περὶ
950 3633 1073 3701 Κνίδον
1088 3641 1255 3724 ναυμαχίη

437 3737 573 3824 νικήσας
605 3738 897 3822 Λακεδαιμονίους
928 3739 985 3802 καὶ
1016 3741 1163 3818 τειχίσας
1194 3735 1254 3804 τὸν

437 3843 585 3926 Πειραιᾶ
591 3891 600 3921 ,
631 3838 815 3928 ἑκατόμβην
836 3843 884 3926 τῶ
909 3833 981 3905 όντι
1003 3836 1113 3916 θύσας
1134 3840 1191 3903 καὶ
1214 3831 1252 3906 ού

439 3940 679 4026 ψευδωνύμως,
707 3940 838 4020 πάντας
859 3937 1061 4031 Ἀθηναίους
1091 3939 1254 4006 εἱστία-
