2714 4500
68 225 113 280 De
132 225 267 280 fontibus
280 223 376 294 quibus
387 222 516 278 Aelianus
533 223 561 276 in
579 222 656 277 uaria
668 222 782 278 historia
794 222 978 291 componenda
990 237 1055 277 unus
1068 222 1110 276 sit.
1148 221 1185 280 31

36 399 78 482 V,
102 399 163 462 21:
184 395 290 482 ¹Myse
321 417 372 471 τις
399 392 505 478 λόγος.
548 394 645 478 XIII,
677 400 708 459 1:
743 390 838 478 λόγος
866 384 961 468 οὗτος
992 383 1194 478 Ἀρκαδικός.

38 500 135 584 XIII,
154 501 212 565 33:
237 496 342 585 φασὶν
356 493 556 580 Αἰγυπτίων
571 493 672 579 λόγοι.
701 495 786 579 XIV,
803 499 858 559 20:
881 495 978 559 τοῦτο
995 487 1194 583 ἀνελεξάμην

40 596 77 665 ἐν
108 598 280 685 ἱστορίαις
301 602 542 682 Σοβαριτικαῑς.
583 598 697 680 Neque
723 617 799 681 ego,
829 596 1086 682 quandoquidem
1108 599 1195 665 mala

40 702 127 769 tides
157 701 365 785 descriptoris
392 701 469 767 satis
499 719 657 785 superque
680 701 847 783 explorata
869 700 930 782 est,
957 698 1020 765 hoc
1041 698 1194 765 iudicium

40 804 154 869 facere
178 801 306 868 dubito:
333 803 523 886 quicumque
545 803 734 886 scriptorum
749 803 782 866 in
799 802 889 866 uaria
902 801 1036 867 historia
1050 801 1192 866 nomina-

40 911 104 988 tur,
130 904 172 970 ob
195 903 230 969 id
252 904 357 988 ipsum
379 902 466 987 qaod
488 903 556 968 eius
577 902 696 968 mentio
718 901 762 986 fit,
788 902 830 968 ad
854 922 924 969 earn
940 901 1193 988 componendam

40 1026 110 1073 non
140 1003 304 1071 adhibitus
334 1011 389 1071 est.
434 1005 475 1070 It
502 1010 688 1070 consecutus
716 1010 765 1071 est
785 1004 939 1071 Aelianus
968 1003 1053 1088 quod
1075 1005 1192 1088 uoluit;

42 1107 155 1192 spissa
176 1107 315 1190 caligine
338 1107 404 1173 eius
425 1107 528 1172 fontes
549 1105 691 1189 primarii
715 1106 818 1171 obruti
841 1111 921 1171 sunt.

606 1242 633 1304 2.

132 1360 227 1427 Nunc
250 1362 400 1444 quoniam
421 1360 549 1426 Aeliani
571 1359 672 1443 ipsius
695 1359 883 1425 testimoniis
906 1357 1049 1424 destituti
1072 1378 1188 1443 sumus,

42 1463 86 1529 ad
115 1462 377 1528 ratiocinationes
405 1459 626 1544 refugiendum
653 1466 708 1526 est.
753 1461 801 1526 Ac
822 1460 958 1545 primum
981 1459 1110 1542 quidem
1134 1480 1189 1527 eos

43 1583 183 1647 quorum
207 1582 301 1629 curae
323 1564 356 1628 in
377 1564 471 1629 rebus
492 1563 644 1628 Romanis
667 1560 861 1628 disserendis
883 1568 1031 1627 uersatae
1054 1564 1188 1629 suntab

44 1685 83 1731 eo
105 1685 173 1731 non
196 1684 266 1730 esse
290 1666 482 1731 consultatos
505 1664 579 1730 inde
603 1663 746 1747 efficitur,
771 1662 856 1746 quod
879 1682 929 1729 res
951 1663 1072 1747 patrias
1094 1665 1188 1731 raris·

45 1768 128 1833 sime
153 1773 385 1833 commemorat.
420 1765 546 1832 Etenim
567 1767 594 1832 si
610 1765 803 1832 Graecorum
826 1766 967 1832 colonias
990 1765 1118 1833 Italicas
1134 1787 1188 1833 ex-

45 1870 144 1952 cipis,
175 1868 257 1933 inter
280 1867 492 1934 COOCLXIV
512 1869 678 1949 lemmata,
703 1887 720 1933 e
744 1868 859 1950 quibus
882 1888 921 1933 ca
943 1868 1033 1932 uaria
1055 1867 1188 1936 historia

45 1989 143 2052 quam
173 1989 232 2035 uos
260 1970 407 2036 manibus
429 1970 560 2036 terimus
582 1976 718 2053 constat,
747 1969 841 2037 modo
865 1969 958 2035 XVII
979 1977 1124 2053 spectant
1144 1971 1188 2037 ad

43 2071 174 2137 Italiam
202 2071 480 2155 Romanorumque
509 2070 689 2155 historiam,
719 2073 876 2153 instituta,
906 2090 1026 2155 mores,
1060 2071 1186 2155 dequo

42 2190 178 2238 numero
202 2171 292 2249 VIII
315 2179 391 2256 tota,
414 2172 480 2249 X2)
502 2174 618 2257 partim
641 2172 682 2237 ad
705 2181 924 2255 argumentum
946 2172 1032 2255 quod
1055 2173 1124 2238 dixi
1140 2175 1185 2239 fa·

43 2277 143 2341 ciunt.
190 2272 227 2338 In
257 2274 440 2339 animalium
469 2281 575 2340 autem
598 2273 752 2356 historia,
782 2293 863 2356 quae
886 2273 979 2338 XVII
1000 2274 1090 2341 libris
1113 2294 1185 2341 con·

42 2379 173 2458 tinetur,
200 2394 251 2440 res
274 2376 432 2442 Romanas
455 2377 508 2442 uel
530 2375 658 2441 Italicas
680 2380 800 2440 tantum
822 2375 898 2440 XIV
907 2378 930 2453 3)
951 2376 1184 2443 narrationibus

42 2480 218 2564 adspersas
241 2495 311 2542 esse
333 2475 410 2542 uidi.
454 2478 567 2559 Itaque
581 2479 794 2543 Romanarum
816 2475 1019 2542 historiarum
1041 2496 1100 2542 nec
1122 2477 1184 2542 Ro-

42 2601 156 2648 manos
178 2597 238 2644 nec
260 2577 401 2644 Graecos
423 2585 579 2660 auctores,
601 2597 660 2644 nec
682 2577 801 2662 Liuios,
825 2579 964 2662 Tanites,
987 2597 1046 2645 nee
1063 2579 1183 2663 Diony-

42 2685 116 2767 sios‚
141 2681 309 2765 Appianos
332 2681 363 2745 ei
383 2681 549 2746 materiam
571 2679 793 2764 suppeditasse
816 2681 849 2745 in
870 2686 1018 2764 promptu
1042 2687 1098 2748 est.

127 2781 215 2860 Quin
237 2781 485 2865 unumquodque
507 2782 656 2848 uolumen
671 2781 793 2848 Latinis
815 2782 929 2848 litteris
951 2787 1025 2848 ante
1041 2802 1114 2848 eum
1129 2802 1183 2850 ex-

40 2892 167 2952 aratum
198 2883 239 2948 ab
267 2880 328 2949 hac
356 2884 541 2966 quaestione
570 2883 695 2949 uidetur
723 2902 792 2950 esse
820 2883 1055 2950 remouendum.
1099 2885 1183 2950 Nam
1235 2862 1247 2941 ί

41 3003 237 3071 quamquam
252 2983 407 3050 Aelianus
422 2985 584 3052 Romanus
605 2986 666 3052 fuit
687 2992 719 3053 et
739 2985 801 3053 hoc
816 2987 942 3053 nomine
957 2987 989 3052 in
1005 2987 1102 3053 uariis
1117 2987 1183 3052 suis
1230 2994 1234 3005 “
1264 3056 1267 3061 ⁴
1300 3052 1305 3067 ,

39 3078 357 3183 adedjglc‘riatu'r'd',
386 3087 418 3151 in
441 3086 583 3153 Graecae
605 3089 733 3172 linguae
762 3088 988 3154 exercitatione
1016 3094 1047 3154 et
1069 3088 1183 3171 peritia
1267 3108 1290 3173 z¹
1324 3092 1327 3099 '

38 3209 169 3258 ornnem
189 3180 318 3252 laudem
341 3188 464 3272 etipse
486 3190 592 3272 posuit
615 3195 647 3254 ct
667 3191 849 3273 aequalium
870 3189 1114 3255 admirationem
1136 3188 1181 3252 in-

36 3293 152 3359 didem'
163 3293 361 3355 'consecutus
384 3295 444 3373 est;
467 3281 608 3374 ἠττίκιζε
623 3282 737 3373 ὥσπερ
753 3288 786 3355 oi
801 3286 835 3354 ἐν
849 3291 888 3375 τῇ
902 3293 1064 3374 μεσογαίᾳ
1077 3282 1182 3375 Ἀθη-

35 3405 148 3472 ναῖοι,
172 3389 223 3455 his
244 3390 351 3455 uerbis
366 3389 610 3469 philostratum)
623 3392 752 3458 Aeliani
770 3394 869 3458 uitam
886 3409 1017 3456 exorsus
1032 3391 1181 3473 grauissi-

31 3515 126 3563 mam
149 3511 280 3558 oausam
304 3511 359 3557 cur
381 3511 452 3557 eam
475 3495 775 3560 commemoratione
794 3494 923 3577 dignam
940 3489 1070 3556 duceret
1085 3492 1181 3575 signi·

126 3628 152 3691 1)
172 3622 205 3678 V.
219 3622 246 3676 h.
264 3621 325 3688 III,
344 3627 383 3688 11,
405 3627 444 3688 16,
463 3623 569 3690 21,1x,
590 3629 628 3690 re,
646 3624 708 3691 IIII,
728 3630 767 3689 11,
785 3628 825 3690 33,
844 3623 916 3689 XIV,
935 3625 967 3676 3ο
985 3621 1056 3689 (IIII,
1069 3628 1103 3688 e),

123 3714 151 3776 2)
170 3706 204 3760 V.
215 3706 242 3760 h,
255 3706 291 3770 II,
304 3709 345 3771 33,
362 3707 412 3773 III,
424 3713 463 3774 11,
477 3710 517 3771 31,
530 3707 577 3770 IV,
589 3714 610 3773 1,
622 3709 670 3774 III,
682 3713 720 3774 12,
732 3708 780 3776 III,
791 3715 814 3775 c,
826 3708 887 3771 IIII,
902 3711 941 3771 14,
951 3710 991 3772 25,
1002 3711 1044 3771 43,
1057 3707 1129 3775 IIII,
1139 3713 1180 3764 45.

122 3796 151 3857 3)
171 3789 206 3843 Η.
220 3803 245 3842 a.
264 3790 285 3855 I,
297 3794 340 3854 3s,
358 3791 395 3856 II,
408 3796 447 3859 11,
463 3791 496 3858 v,
510 3795 550 3858 21,
564 3795 604 3858 29,
622 3792 695 3855 VIII,
709 3797 733 3856 1,
750 3793 797 3857 III,
813 3797 852 3856 11,
864 3797 906 3855 er,
923 3791 957 3856 II,
970 3795 1011 3855 22,
1029 3791 1076 3860 III,
1090 3798 1181 3860 15,16,

19 3882 90 3948 er,
102 3883 131 3946 e,
143 3877 190 3938 33,
208 3872 317 3957 xnus,
335 3873 443 3940 x1v‚s‚
513 3879 538 3942 1)
556 3876 701 3942 v.1.xu,
716 3880 757 3943 25,
776 3878 812 3942 II,
825 3880 865 3943 ss,
883 3876 955 3943 IIII,
966 3881 1006 3930 15.

119 3964 149 4028 5)
170 3956 227 4013 vu.
246 3957 321 4029 soph.
339 3959 375 4025 II,
393 3963 433 4015 31.
