2714 4500
114 214 176 292 teo
538 309 540 313 ‚
575 229 653 284 nem
671 227 800 298 Rudolph
918 197 924 204 ’

116 400 334 490 στρογγύλην·
358 396 411 479 ῶς
434 400 476 467 δὲ
493 399 777 488 Θούφραστος,
800 397 1030 486 Παρμενίδην·
1054 391 1105 474 ῶς
1129 394 1269 483 δὲΖή-

117 529 210 586 νων,
230 499 402 569 Ἡσίοδον.

201 607 243 691 Π,
260 612 289 690 5,
306 607 346 672 38
376 606 417 673 de
442 606 583 672 Socratis
610 604 864 671 accusatoribus:
896 594 1162 689 ἀπηνέγκατο
1192 601 1271 685 μὲν

119 693 188 774 ούν
209 705 282 793 τὴν
304 704 464 794 γραφὴν
487 700 504 771 δ
528 705 737 792 Μέλητος,
770 699 863 770 εἶπε
885 703 927 769 δέ
948 701 1020 789 τὴν
1043 703 1158 791 δίκην
1180 709 1271 769 Πο-

119 808 331 890 λύευκτος,
361 799 412 885 ῶς
435 828 537 894 φησι
562 809 808 892 Φαβωρῖνος
831 803 870 871 ἐν
891 829 928 870 π.
953 806 991 886 λ,
1022 811 1208 890 συνέγραψε
1232 805 1270 870 δὲ

119 909 177 977 τδν
200 909 297 997 λόγον
320 907 537 996 Πολυκράτης
560 903 577 972 δ
602 906 781 996 σοφιστής,
812 899 857 984 ῶς
879 929 963 994 φησι
976 899 1222 993 Ἕρμιππος,
1247 897 1269 994 ἢ

119 1009 254 1090 Ἄνυτος
283 1005 335 1088 ῶς
356 1033 477 1087 τινες.
515 1014 744 1096 προητοίμασε
772 1008 808 1074 δέ
835 1007 947 1074 πάντα
968 1008 1092 1076 Λύκων
1117 1004 1134 1075 δ
1159 1009 1270 1097 δημα-

120 1113 235 1201 γωγάς.
282 1117 348 1195 (39)
368 1105 639 1198 Ἀντισθένης
668 1105 700 1176 δ’
725 1108 759 1176 ἒν
780 1123 855 1187 ταῖς
882 1113 948 1175 τῶν
971 1109 1168 1199 φιλοσόφων
1192 1111 1272 1177 δια-

119 1216 235 1302 δοχαῖς
263 1216 318 1281 καὶ
340 1213 518 1279 Πλάτων
547 1210 580 1278 έν
604 1206 771 1300 ἀπολογίᾳ
800 1225 888 1296 τρεῖς
917 1205 1018 1278 αύτού
1045 1216 1273 1301 κατηγορῆσαί

123 1340 243 1406 φασιν,
273 1311 408 1384 Ἄνυτον
435 1317 489 1380 καὶ
518 1312 660 1380 Λύκωνα
687 1315 742 1379 καὶ
764 1315 937 1401 Μέλητον·
966 1311 1024 1380 τὸν
1052 1314 1111 1398 μέν
1132 1309 1272 1380 Ἄνυτον

123 1415 168 1497 ῶς
183 1414 268 1503 ύπὲρ
283 1421 350 1484 τῶν
365 1418 571 1506 δημιουργῶν
593 1418 648 1481 καί
669 1419 736 1480 τῶν
757 1415 938 1481 πολιτικῶν
961 1409 1186 1502 ὀργιζόμενον·
1209 1415 1271 1481 τὸν

124 1521 159 1587 δέ
181 1519 329 1587 Λύκωνα
350 1515 434 1604 ύπὲρ
461 1521 527 1584 τῶν
550 1515 714 1604 ῥητόρων·
743 1518 798 1582 καὶ
826 1514 884 1583 τὸν
906 1519 1062 1605 Μέλητον
1088 1513 1172 1603 ύπὲρ
1202 1522 1271 1583 τῶν

123 1625 282 1710 ποιητῶν,
307 1620 364 1698 οὓς
387 1613 539 1697 άπαντας
561 1615 771 1706 δΣωκράτης
793 1618 932 1706 διέσυρε.
956 1654 997 1666 --
1022 1624 1271 1704 Φαβωρῖνος

124 1722 158 1791 έν
187 1726 235 1808 τῶ
263 1720 387 1810 πρώτῳ
415 1725 481 1787 τῶν
510 1714 859 1808 ἀπομνημονευμάτων
886 1718 929 1806 μη
955 1717 1040 1787 εἶναι
1072 1714 1183 1807 άληθη
1211 1720 1272 1786 τὸν

126 1823 223 1910 λόγον
244 1823 303 1889 τὸν
324 1820 559 1908 Πολυκράτους
581 1820 664 1886 κατὰ
687 1820 891 1904 Σωκράτους.

209 1928 235 2012 Ι,
251 1931 281 2011 4,
298 1930 354 1991 79:
383 1929 495 2010 γέγονε
517 1923 553 1988 δὲ
575 1925 642 1988 καί
673 1921 812 2009 ἕτερος
834 1919 1046 2000 Πιττακὸς
1074 1928 1271 2012 νομοθέτης,

126 2020 171 2105 ῶς
187 2049 270 2115 φησι
284 2031 528 2113 Φαβωρῖνος
547 2022 581 2092 έν
596 2018 945 2113 ἀπομνημονευμάτων
960 2022 1084 2111 πρῶτιμ
1106 2029 1173 2090 καὶ
1188 2031 1273 2114 Δη-

126 2127 302 2216 μήτριος
325 2125 358 2193 ἒν
381 2123 584 2210 ὁμωνύμως,
608 2124 646 2204 ὃς
666 2129 722 2192 καὶ
744 2123 861 2212 μικρὸς
882 2125 1147 2214 προσηγορεύθη.

138 2242 141 2246 ’
211 2233 270 2315 ΙΧ,
287 2235 315 2316 3,
333 2234 373 2295 23
395 2231 436 2297 de
458 2230 665 2297 Parmenide:
689 2229 743 2293 καὶ
767 2227 857 2293 δοκεῖ
878 2229 1012 2315 πρῶτος
1033 2234 1273 2316 πεφωρακέναι

127 2330 185 2399 τδν
209 2325 309 2398 αύτδν
331 2327 418 2397 εἶναι
431 2322 600 2414 Ἕσπερον
627 2331 681 2395 καὶ
708 2327 911 2417 Φωσφόρον,
943 2320 989 2404 ῶς
1016 2351 1100 2416 φησι
1124 2336 1272 2414 Φαβω·

129 2447 243 2519 ρῖνος
272 2431 305 2498 ἓν
327 2437 472 2517 πέμπτῳ
494 2433 560 2496 τῶν
584 2422 949 2517 ἀπομνημονευμάτων·
980 2430 1017 2495 ολ
1046 2429 1086 2496 δέ
1108 2433 1273 2518 Πυθαγύ-

129 2560 198 2621 ραν.
231 2534 498 2617 Καλλίμαχος
523 2530 560 2596 δέ
580 2552 664 2618 φησι
686 2528 730 2616 μὴ
747 2527 834 2599 εἶναι
849 2525 950 2598 αύτσύ
963 2529 1000 2598 τδ
1017 2538 1158 2620 ποίημα.
1188 2536 1273 2602 Vide

130 2645 163 2703 et
183 2638 209 2720 1,
227 2641 255 2720 7,
271 2639 311 2702 98
324 2658 370 2721 sq.
394 2657 465 2703 oum
487 2636 614 2720 paginis
637 2635 716 2701 meis
739 2638 779 2698 89
791 2655 838 2718 sq.
855 2640 886 2700 et
902 2639 951 2701 77.

215 2739 318 2805 Locos
340 2739 505 2822 appositos
528 2757 590 2802 non
613 2737 794 2821 aDiogene
810 2756 881 2802 esse
903 2739 1095 2823 compositos
1118 2738 1174 2804 sed
1197 2741 1272 2804 soli-

131 2839 189 2906 das
212 2840 305 2906 unius
327 2841 482 2924 auctoris,
510 2839 679 2923 Fauorini,
709 2839 1043 2906 commentatiunculas
1069 2841 1274 2923 inpromptu

133 2948 189 3008 cst.
225 2941 388 3024 Diogenes
410 2941 507 3025 igitur
529 2959 765 3023 nonnumquam
780 2940 950 3025 descripsit
970 2961 1034 3008 uon
1055 2947 1176 3006 tantum
1199 2962 1273 3008 auo-

131 3048 235 3108 torum
251 3061 333 3123 quae
348 3042 524 3107 Fauorinus
540 3047 743 3124 congesserat
758 3043 948 3127 testimonia,
969 3043 1026 3110 sed
1043 3042 1138 3109 etiam
1153 3044 1275 3109 iudicia

133 3163 215 3228 quae
243 3143 330 3208 idem
353 3144 512 3226 congestis
539 3143 729 3209 testimoniis
759 3143 800 3209 de
825 3144 945 3229 aporiis
972 3145 1036 3210 illis
1064 3145 1188 3209 tulerat.
1235 3146 1274 3209 In

134 3265 196 3329 quo
220 3243 316 3310 cardo
340 3245 559 3327 quaestionum
583 3244 854 3328 Diogenianarum
879 3252 1031 3312 uersatur.
1075 3246 1167 3311 Nunc
1195 3265 1274 3312 uero

133 3346 286 3412 facillime
310 3345 479 3429 expeditur
502 3346 588 3430 quod
612 3346 744 3412 eaedem
766 3366 1000 3428 nonnumquam
1029 3367 1079 3413 res
1107 3346 1201 3412 modo
1231 3349 1276 3413 ad

133 3448 326 3513 Fauorinum
354 3447 450 3513 modo
472 3448 516 3513 ad
537 3449 732 3531 antiquiores
756 3447 910 3532 quosdam
932 3448 1100 3533 scriptores
1122 3467 1274 3514 reuocan-

134 3555 199 3614 tur:
229 3548 286 3631 ΠΙ,
303 3551 357 3613 37:
389 3540 606 3635 Εύφορίων
630 3547 741 3613 δὲκαὶ
763 3552 996 3624 Παναίτιος
1019 3545 1166 3633 εἰρήκασι
1189 3550 1276 3612 πολ-

136 3646 228 3722 λάκις
251 3645 474 3736 ἐστραμμένην
496 3645 554 3736 την
578 3641 677 3736 άρχὴν
698 3651 756 3734 τῆς
778 3649 964 3729 πολιτείας,
986 3646 1031 3736 ἣν
1053 3649 1277 3714 πολιτείαν

134 3744 417 3834 Ἀριστόξενός
446 3770 549 3837 φησι
576 3751 713 3814 πᾶσαν
743 3747 888 3830 σχεδδν
918 3748 957 3815 έν
985 3762 1073 3826 τοῖς
1102 3756 1277 3832 Πρωτα-

136 3849 257 3936 γόρου
279 3849 515 3937 γεγράφθαι
539 3843 829 3935 άντιλογικοῖς.
863 3853 984 3935 ΙΙΙ,57;
1006 3849 1051 3938 ἣν
1073 3852 1140 3915 καί
1164 3846 1278 3937 εύρί-

139 3954 317 4017 σκεσθαι
354 3950 496 4031 σχεδὸν
532 3942 629 4038 ύλην
665 3949 779 4035 παρὰ
812 3951 1077 4038 Πρωταγόρᾳ
1113 3948 1152 4016 έν
1185 3967 1279 4030 τοῖς
