2714 4500
131 180 169 237 12
497 195 498 198 ’
594 178 672 234 Felix
690 177 816 246 Rudolph

21 400 24 405 ,
130 352 285 418 Claudius
300 352 454 418 Aelianus
476 353 510 417 in
532 351 605 418 hist.
622 352 717 417 anim.
735 348 966 417 conscribenda
980 369 1057 416 usus
1074 349 1137 416 est'
1153 349 1278 434 Lipsiae

130 474 212 520 anno
232 457 312 517 1777
336 453 481 519 libellum
505 452 616 537 edidit,
640 454 674 519 id
691 452 777 537 quod
791 451 853 518 hao
869 450 1077 534 inscriptione
1093 453 1278 536 promittere

130 557 217 623 uisus
247 562 315 621 erat
342 554 421 619 mihi
449 575 513 621 non
545 556 702 639 praestitit
731 557 764 620 ip
792 553 895 619 fontes
924 552 1055 635 quidem
1076 544 1214 620 Aeliani
1239 555 1278 619 in·

130 659 294 741 quisituro.
340 655 402 734 Qui
430 662 536 722 autem
566 655 657 722 huius
679 657 752 722 libri
776 656 915 738 origines
939 653 991 720 hIc
1012 654 1082 720 illic
1103 656 1279 739 attigerunt
1350 663 1352 669 “

130 759 204 826 inde
234 757 419 824 aGesnero
449 777 550 840 usque
578 758 621 823 ad
648 758 673 822 Ι.
697 756 992 824 G.Sohneide1·um
1020 774 1132 823 omnes
1164 778 1187 822 a
1209 776 1278 824 uero

128 862 225 944 longe
246 860 370 926 absunt.
383 862 405 937 ¹)

377 1044 442 1108 III.
479 1045 531 1108 De
554 1045 714 1109 Athenaeo
738 1045 867 1108 Aeliani
886 1055 1024 1108 auctore.

215 1182 378 1247 Varietate
399 1182 508 1248 uariae
531 1182 684 1249 historiae
706 1183 877 1265 unicuique
897 1182 938 1249 de
952 1180 1109 1265 proximis
1126 1180 1199 1247 eins
1216 1181 1278 1246 fon·

130 1284 214 1350 tibus
237 1284 389 1367 cogitanti
413 1283 592 1350 efficiuntur
613 1305 749 1369 magnae
772 1283 987 1350 difficultates.
1031 1281 1171 1348 Accedit
1195 1282 1278 1365 quod

129 1387 284 1452 Aelianus
317 1405 420 1468 aeque
454 1406 492 1452 ao
526 1389 623 1454 ceteri
656 1387 879 1471 compilatores
914 1405 968 1452 eos
1000 1402 1080 1466 quos
1107 1384 1278 1468 primarios

130 1486 227 1554 duces
256 1494 382 1554 secutus
414 1495 462 1554 est
490 1487 600 1555 dedita
622 1509 721 1573 opera
749 1488 875 1571 reticet,
900 1493 932 1553 et
954 1485 1040 1569 quod
1061 1486 1147 1551 iuter
1171 1505 1278 1552 omnes

130 1591 301 1674 scriptores
329 1595 454 1656 ueteres
485 1611 617 1674 quorum
639 1591 769 1674 quidem
792 1590 956 1655 uolumina
977 1593 1116 1654 aetatem
1140 1589 1279 1654 tulerunt

129 1692 288 1756 neminem
321 1690 501 1758 uidebimus
535 1693 577 1758 ad
610 1694 732 1759 uariam
767 1690 930 1757 historiam
961 1688 1196 1755 conficiendam
1225 1689 1277 1754 ad·

131 1791 266 1858 hibitum
295 1811 365 1858 esse
393 1793 455 1858 nisi
483 1813 593 1877 unum,
622 1793 694 1860 dico
725 1792 933 1858 Athenaeum.
970 1790 1088 1856 Hercle
1111 1791 1211 1856 tantis
1234 1791 1278 1856 rei

130 1894 285 1976 angustiis
314 1893 440 1960 consilii
468 1896 580 1978 inopes
603 1895 830 1976 detineremur,
860 1894 923 1959 nisi
945 1892 1007 1958 hac
1029 1890 1188 1958 affinitate
1211 1897 1276 1957 tan·

129 2015 225 2078 quam
254 1995 412 2061 tutissimo
435 1995 596 2080 praesidio
619 1997 721 2062 adiuti
744 1995 937 2080 quomodo
959 1995 1114 2060 Aelianus
1136 1993 1277 2059 fontibus

130 2098 196 2164 suis
218 2116 293 2162 usus
316 2102 400 2162 esset
422 2096 564 2165 dilucide
585 2099 849 2184 perspiceremus.
882 2098 995 2180 Itaque
1010 2095 1185 2161 Aelianum
1208 2114 1276 2161 cum

129 2198 297 2265 Athenaeo
321 2218 385 2280 qua
406 2201 497 2283 potui
519 2199 688 2284 diligentia
710 2200 902 2283 comparaui.
951 2255 952 2258 ,

215 2301 264 2366 En
287 2302 513 2383 congruentiae
537 2322 619 2384 quae
642 2303 717 2368 huia
733 2322 804 2368 oum
820 2302 876 2367 illo
891 2299 1063 2366 intercedit
1078 2304 1278 2382 conspectus,

132 2402 164 2465 in
189 2422 251 2485 quo
275 2422 315 2468 ea
329 2403 437 2485 capita
451 2404 581 2469 Aeliani
597 2424 680 2487 quae
695 2404 737 2470 ab
752 2402 911 2468 Athenaei
926 2401 1006 2467 locis
1022 2400 1183 2468 similibus
1200 2399 1280 2466 adeo

131 2502 324 2587 dIscrepant,
349 2509 384 2568 ut
399 2503 475 2570 inde
490 2505 594 2586 repeti
609 2506 697 2571 nullo
712 2503 808 2570 modo
823 2504 956 2588 possint,
980 2503 1133 2570 asterisco
1149 2502 1279 2568 notabo.

128 2684 192 2738 uh.
212 2685 233 2748 Ι,
254 2691 285 2739 ll
634 2688 698 2741 Ath.
717 2686 757 2739 IX
773 2703 800 2756 p.
815 2685 922 2743 3930d.

127 2785 153 2822 u.
164 2769 190 2823 11.
209 2770 231 2834 r,
253 2775 283 2824 ra
634 2773 698 2826 aas.
717 2771 757 2824 rx
774 2788 800 2841 p.
821 2775 987 2826 aaa-ausa.

332 2853 415 2908 *u.h.
435 2854 457 2920 Ι,
478 2858 511 2908 17
861 2856 923 2910 Ath.
944 2853 983 2908 XI
1000 2871 1027 2924 p.
1047 2852 1131 2909 78217.

330 2939 454 3005 *u.h.1,
475 2943 505 2993 19
860 2940 923 2995 atu.
942 2938 996 2993 ΧΠ
1013 2955 1040 3008 p.
1061 2940 1141 2993 saca.
1222 3000 1233 3021 .

125 3043 152 3080 u.
163 3025 189 3079 h.
210 3026 231 3089 Ι,
251 3028 283 3078 ’24
635 3025 699 3080 Aah.
718 3025 744 3078 X
761 3041 788 3094 p.
809 3025 975 3081 tlt-4121).

125 3111 189 3165 uh.
208 3112 229 3176 I,
249 3113 281 3163 26
633 3109 698 3165 Ath.
717 3109 744 3163 X
761 3127 787 3180 p.
808 3111 910 3166 lidab.

124 3197 188 3250 u.h.
209 3197 231 3261 Ι,
250 3199 281 3248 27
635 3194 700 3250 Ath.
719 3195 744 3248 X
762 3212 789 3264 p.
809 3192 998 3249 urob-trud.

328 3280 376 3331 *u.
387 3278 413 3332 h.
433 3279 468 3343 H,
488 3282 503 3329 I
862 3277 926 3332 Ath.
945 3276 1013 3331 XIII
1032 3293 1058 3346 p.
1078 3275 1202 3331 dolebo.

328 3363 414 3417 *uh
433 3364 469 3426 ΙΙ,
490 3364 520 3416 10
862 3363 926 3417 Ath.
945 3362 972 3415 X
990 3380 1016 3432 p.
1037 3361 1140 3416 traca.

124 3451 188 3504 u.h.
208 3451 243 3516 II,
264 3454 294 3504 18
632 3446 696 3501 Ati.
715 3447 742 3500 X
759 3463 785 3516 p.
806 3447 908 3502 llucd.

124 3534 189 3588 uh.
207 3535 242 3599 ll,
262 3539 293 3587 37
630 3529 695 3583 Ath.
714 3531 740 3584 X
757 3547 783 3600 p.
805 3534 854 3584 429
863 3545 887 3585 a.
1177 3576 1184 3585 .

124 3619 294 3685 u.h.11,3a
632 3612 696 3668 Aah.
716 3614 786 3683 xp.
807 3615 1057 3686 tractatura
1077 3614 1279 3679 rrae-lam).
1356 3620 1357 3669 1

124 3702 188 3756 nh.
207 3703 243 3766 11,
262 3708 293 3755 ro
624 3695 694 3752 'Atra¹
713 3698 740 3751 x
758 3716 784 3768 p.
805 3700 886 3754 stad.
1199 3688 1206 3703 “

213 3917 323 3981 livide
342 3934 401 3990 cap.
420 3917 522 3972 XVIII.
