2714 4500
156 211 196 269 48
618 211 697 266 Felix
713 211 841 281 Rudolph

155 384 402 468 inscriptionem,
420 403 502 466 quae
518 383 560 449 ad
575 389 796 468 argumentum
807 384 1011 468 indolemque
1022 385 1135 451 uariae
1148 385 1303 453 historiae

156 485 336 567 quadraret.
365 485 416 552 De
431 486 471 552 iis
486 505 563 552 uero
580 506 659 568 quos
674 487 805 553 laudaui
822 485 1009 570 Cephalicn
1024 489 1202 571 propterca
1219 488 1303 572 quod

155 585 321 653 historiam
342 607 447 653 rerum
469 592 630 670 gestarum
650 589 734 654 ultra
752 594 896 674 tempora
910 588 1088 655 Alexandri
1103 589 1218 673 Magni
1241 610 1303 658 non

154 695 341 773 prosecutus
364 690 455 772 cst1),
478 688 633 755 hocloco
654 710 719 755 non
741 689 868 756 uidetur
884 689 1105 774 respiciendus
1121 710 1214 775 esse;
1239 712 1302 757 cm·

154 791 230 856 nino
259 795 366 856 autem
394 809 488 856 nemo
518 791 551 855 in
581 810 710 857 censum
734 792 823 857 uenit
843 793 905 857 nisi
929 793 1038 874 quiin
1060 792 1135 858 uitis
1158 791 1301 877 philoso-

155 891 291 975 phorum
313 898 459 958 uersatus
481 897 645 976 est31ergc
667 911 761 958 nemo
783 900 911 976 praeter
925 893 1130 977 Pamphilam
1150 900 1183 959 et
1197 894 1301 960 Fauc-

154 994 274 1077 rinum,
303 1013 383 1076 quos
412 995 498 1060 solos
524 994 557 1057 ln
579 1013 617 1059 eo
640 1001 826 1077 argumento
850 995 1033 1061 elaborasse
1056 996 1186 1062 scimus.
1232 995 1301 1078 Age

154 1093 268 1160 horum
291 1095 428 1179 uestigia
450 1095 619 1160 intentiore
641 1096 748 1163 animo
770 1098 1015 1179 persequamur!

406 1313 467 1376 IX.
500 1311 553 1375 Dc
575 1312 732 1375 Fauorini
750 1313 840 1376 libris
860 1315 1046 1394 mucellae.

238 1467 289 1533 De
311 1467 438 1551 scriptis
451 1465 675 1533 FauorInianis
697 1487 835 1550 eaquae
850 1467 945 1533 mcdc
962 1472 1213 1535 commemorata
1229 1474 1301 1534 sunt

155 1569 225 1636 sola
246 1568 395 1635 uidentur
416 1568 479 1635 huc
501 1568 672 1635 adicIenda
687 1588 773 1635 esse:
797 1570 1015 1635 commentarii
1033 1561 1300 1656 (ἀπομνημονεύ-

154 1674 256 1753 ματα)
279 1676 311 1736 et
332 1672 503 1755 omnigena
524 1670 658 1737 historia
680 1666 893 1756 (παντοδαπὴ
920 1669 1072 1756 ἱστορία).

239 1772 345 1854 Atque
374 1772 423 1836 illi
445 1772 576 1854 quidem
597 1772 762 1836 minimum
784 1792 802 1838 e
826 1773 965 1855 quinque
987 1773 1204 1839 uoluminibus
1227 1793 1300 1839 con·

155 1873 297 1956 stabant,
313 1874 381 1938 noti
395 1878 468 1938 sunt
477 1892 536 1956 per
546 1872 727 1956 Diogenem
737 1873 900 1939 Laertium
913 1893 1017 1958 paene
1028 1874 1142 1955 solum,
1155 1875 1212 1956 qui
1223 1874 1302 1939 XVI

154 1974 331 2056 fragmenta
346 1974 495 2040 seruauit.
530 1972 621 2051 Quae
641 1975 801 2058 pertinent
815 1974 859 2040 ad
873 1975 1041 2058 Pittacum,
1064 1972 1301 2057 Xenophanem

156 2074 399 2159 Colophonium,
421 2075 661 2159 Empedoclem,
684 2075 727 2140 ad
742 2075 907 2142 Socratem
930 2082 962 2142 et
975 2072 1143 2141 Platonem
1158 2077 1299 2161 saepius,

154 2175 198 2241 ad
219 2176 438 2260 Aristotelem,
462 2175 622 2243 Gratetem
644 2176 850 2261 Thebanum,
873 2177 1111 2260 Parmenidem,
1136 2177 1300 2244 Zenonem

154 2277 461 2361 Alexamenumque,
484 2279 655 2344 Eudoxum
670 2277 829 2363 Ouidium,
853 2277 1078 2362 Pythagoram,
1099 2278 1300 2345 Demetrium

154 2380 363 2463 Phalereum,
387 2378 654 2463 Theophrastum.
699 2380 806 2444 Etiam
828 2381 899 2445 loco
923 2386 955 2445 et
976 2379 1101 2445 facetiis
1122 2378 1169 2444 ibi
1193 2381 1300 2447 locum

154 2482 252 2548 fuisse
275 2481 417 2564 sequitur
439 2500 481 2546 ex
496 2481 652 2565 Diogene,
675 2482 730 2563 qui
745 2481 800 2562 VI,
818 2483 856 2544 88
880 2482 1123 2547 commentarios
1145 2480 1302 2548 Fauorini

154 2588 330 2649 antestatus
359 2588 482 2665 narrat,
512 2581 672 2648 Gratetem
693 2581 882 2647 Thebanum
909 2583 943 2646 iu
968 2584 1135 2666 gymnasio
1159 2583 1302 2665 quodam

154 2689 323 2767 uersatum,
347 2703 419 2749 cum
441 2704 538 2750 coxas
561 2683 716 2767 principis
738 2683 898 2766 gymnasii
919 2683 1092 2767 tetigisset,
1114 2684 1172 2749 illo
1196 2685 1302 2770 indig-

154 2789 250 2849 nante
278 2782 359 2850 haec
382 2784 517 2851 dixisse:
547 2783 624 2868 quid
647 2783 753 2848 enim?
786 2804 899 2850 nonne.
917 2785 978 2850 ista
1001 2804 1126 2869 quoque
1149 2791 1208 2852 tua
1231 2793 1303 2854 suut

155 2885 237 2951 sicut
265 2891 297 2950 ct
324 2886 451 2969 genua?
495 2887 543 2952 Ac
570 2905 611 2951 ne
639 2905 659 2950 a
688 2885 782 2951 rebus
811 2885 1173 2970 mirabilibusquidem
1201 2889 1303 2956 alieni

156 2993 262 3072 erant,
291 3006 365 3051 nam
394 2987 435 3053 ab
465 2988 505 3053 iis
533 2987 669 3070 petitum
698 3006 769 3053 esse
799 2987 885 3070 quod
907 2987 1031 3054 Gellius
1054 2988 1095 3070 X,
1121 2990 1171 3072 12,
1196 2994 1238 3055 10
1263 3013 1305 3058 ex

156 3088 275 3172 scripto
291 3087 431 3171 quodam
445 3089 597 3154 Fauorini
618 3087 659 3154 de
675 3089 823 3154 columba
837 3088 999 3172 Archytae
1015 3088 1190 3155 artificiosa
1204 3093 1305 3159 refert

154 3188 331 3256 Nietzcheo
343 3191 367 3266 ³)
389 3188 629 3257 concedendum
643 3195 700 3255 est.
733 3190 847 3272 Neque
863 3209 922 3274 ego
939 3189 1105 3274 hocopus,
1128 3200 1305 3278 propterea

156 3291 243 3374 quod
264 3292 420 3374 reliquiae
439 3291 507 3357 eius
522 3290 565 3356 ad
580 3311 674 3356 unam
691 3311 799 3358 omnes
815 3291 856 3357 de
872 3290 1073 3377 philosophis
1089 3297 1171 3376 suut,
1196 3292 1305 3362 diuer-

243 3526 268 3588 1)
284 3523 363 3579 Phct.
381 3525 445 3579 bibl.
466 3524 524 3580 cod.
543 3522 660 3578 LXVIII
678 3541 704 3592 p.
724 3527 756 3576 34
774 3523 815 3578 ed.
835 3523 921 3578 Behlr.

243 3611 268 3674 2)
285 3608 407 3662 Mueller.
426 3609 473 3664 lrr.
492 3609 519 3664 h.
540 3609 586 3663 Gr.
606 3608 647 3661 ΙΠ
663 3624 690 3676 p.
703 3613 760 3663 577.
796 3607 909 3672 Mortes,
927 3603 971 3662 ‘de
988 3606 1119 3663 FauorIni
1130 3609 1305 3670 Arelatensis

157 3691 229 3757 ulta,
247 3692 358 3758 studiis,
376 3694 498 3762 scriptis3
517 3693 651 3749 accedunt
667 3690 833 3761 fragmenta',
853 3693 969 3748 Traiect.
990 3692 1025 3747 ad
1042 3693 1129 3749 Rhen.
1153 3699 1228 3750 1853.
1257 3699 1303 3753 Fr.

157 3776 307 3843 Nietzschs‚
326 3772 368 3832 ‘de
380 3776 484 3832 Laertii
496 3777 622 3846 Diogenis
634 3772 761 3832 fontibus’
780 3776 809 3831 in
826 3793 894 3832 mus.
904 3777 992 3832 Rhen.
1002 3794 1029 3833 n.
1039 3778 1136 3834 XXIII
1147 3797 1174 3850 p.
1186 3786 1304 3854 622sqq.

157 3867 185 3915 et
201 3860 291 3916 XXIV
308 3878 335 3931 p.
357 3866 483 3932 181sqq.;
501 3859 544 3916 ‘de
562 3860 697 3917 Fauorino
715 3858 873 3917 Arelatensi
893 3862 958 3917 ibid.
977 3863 1071 3919 XXIII
1089 3883 1115 3935 p.
1135 3857 1251 3938 dlhsqq.

243 3949 269 4012 3)
286 3946 358 4001 Mus.
377 3946 463 4001 Rhen.
482 3945 576 4001 XXIII
592 3963 619 4016 p.
639 3950 697 4000 647.
