2714 4500
153 166 194 223 or
508 149 509 153 '
606 166 691 222 >senx
707 165 835 235 aurorpr
1319 40 1348 223 λ

153 339 272 423 dicitia,
294 338 508 424 pulchritudo,
531 339 767 408 uicissitudines
789 340 949 423 fortunae3
978 341 1010 405 in
1031 317 1314 453 XIII,1htal²³³.'S

153 448 220 524 tae,
250 442 421 508 uenatricis
443 443 617 525 Arcadiae,
646 448 796 508 uenustas
821 448 852 508 et
874 442 993 508 intacta
1020 442 1192 526 uirginitas.
1246 399 1334 556 fixa

154 544 298 610 omnibus
314 542 376 610 hoo
391 545 557 610 consilium
574 544 692 628 subest,
715 550 750 610 ut
772 543 910 610 dicendo
932 544 1089 627 imagines
1111 563 1213 610 rerum
1230 518 1312 608 9⁰

153 647 257 711 minus
281 645 430 712 distincte
456 667 551 730 quam
579 646 742 731 pingendo
772 645 971 730 effingantur.
1015 644 1120 723 Quam
1147 645 1260 712 ratiort
1285 611 1348 718 ’ἴω

153 748 224 831 ipse
252 747 433 833 profitetur,
465 770 537 815 cum
558 751 579 814 l.
597 749 645 813 ΠΙ
673 754 769 832 caput
795 748 933 832 primum
963 767 1096 814 exorsus
1127 751 1207 834 φέρε
1234 721 1348 812 oVn

153 850 272 932 inquit,
295 849 350 912 καὶ
373 845 415 913 τὰ
436 847 621 931 καλούμενα
648 850 765 935 Τέμπη
787 845 829 912 τὰ
855 845 1039 915 Θετταλικὰ
1063 828 1348 934 drcyqoiqtmffl'

126 970 128 976 ⁴
153 951 202 1034 aqi
218 947 304 1034 λόγῳ
326 951 382 1015 καὶ
405 949 660 1033 ὁιαπλάσωμεν·
684 944 895 1037 ὡμολόγηται
917 947 979 1035 γὰρ
1001 951 1058 1015 καὶ
1079 944 1097 1016 o‘
1116 949 1222 1036 λόγος,
1246 944 1348 1016 W

154 1049 208 1137 ἔχῃ
225 1049 364 1133 δύναμιν
379 1050 573 1139 φραστικήν,
595 1050 698 1140 μηδὲν
714 1043 956 1138 ἀσθενέστερον
970 1043 1034 1116 ὅσα
1055 1051 1214 1135 βούλεται
1236 1043 1348 1120 dar‘

152 1150 267 1218 κνύναι
299 1156 366 1218 τῶν
396 1146 524 1239 ἀνδρῶν
552 1156 618 1218 τῶν
646 1150 730 1219 κατὰ
760 1156 968 1238 χειρουργίαν
999 1153 1125 1219 δεινῶν.
1180 1147 1348 1224 Εοᾶθῐῤ

154 1262 299 1340 spectant
326 1257 360 1321 in
383 1258 502 1341 XIII,1
530 1256 609 1324 haec
630 1257 745 1322 uerba:
779 1257 860 1340 φέρε
883 1252 995 1319 δὲκαὶ
1018 1252 1056 1320 τὸ
1081 1251 1171 1334 εἶδος
1195 1250 1348 1345 αὐτῆῷ

154 1355 187 1422 εἲ
206 1381 239 1421 τι
261 1353 305 1443 μὴ
331 1358 444 1450 λυπεῖ,
475 1355 731 1444 διαγράφωμεν
762 1357 861 1422 λοπεῑ
883 1355 919 1421 δὲ
942 1349 1051 1437 οὐδέν,
1083 1355 1158 1424 ἐπεὶ
1185 1362 1243 1425 καὶ
1271 1356 1348 1424 iw‘

155 1456 281 1524 τούτων
303 1452 517 1545 προσγένοιτ’
541 1449 581 1524 ilo
604 1458 709 1544 λόγων
732 1481 767 1523 τε
790 1454 948 1545 ἐμπειρία
970 1460 1027 1524 καὶ
1048 1462 1154 1548 τέχνη.

240 1561 463 1646 Assignandae
491 1568 564 1629 sunt
592 1563 674 1628 istae
703 1562 951 1628 declamationes
982 1564 1093 1646 generi
1123 1557 1302 1648 ‘iconogra
1339 1583 1348 1594 ·

53 1681 54 1684 ’
154 1652 279 1745 phieo'‚
302 1662 336 1726 in
358 1683 422 1746 quo
445 1666 475 1729 ei
497 1666 668 1730 antecessit
682 1664 882 1731 Nicostratus
896 1664 1040 1748 Macedo,
1063 1665 1164 1733 Marci
1186 1686 1302 1750 aequa·

155 1765 195 1828 lis
208 1765 238 1845 ¹),
262 1771 481 1829 successerunt
496 1765 683 1831 Philostrati
698 1785 871 1848 eorumque
886 1771 1068 1833 sectatores.
1099 1767 1217 1852 Atque,
1233 1788 1304 1834 cum

156 1871 344 1949 argumenta
365 1885 474 1931 earum
495 1867 644 1931 nimirum
667 1888 731 1932 non
752 1868 926 1934 inuenisset
936 1871 975 1951 Ἰ),
1002 1870 1169 1952 pigmenta
1190 1870 1302 1935 uerbo·

156 1986 227 2031 rum
242 1965 283 2032 de
298 1986 355 2032 suo
370 1967 499 2032 adiecit.
537 1967 596 2033 His
618 1970 759 2051 quinque
780 1969 877 2053 igitur
899 1964 1081 2054 ἐκφράσεσι
1103 1973 1303 2053 praeclarum

157 2067 327 2135 facundiae
350 2088 427 2134 suae
450 2070 553 2134 erexit
573 2077 819 2136 monumentum.

252 2170 319 2235 Iam
341 2172 521 2237 elocutione
541 2172 696 2238 Aelianus
724 2174 809 2256 ipse,
839 2173 1017 2239 elocutione
1042 2177 1196 2257 aequales
1225 2176 1300 2259 eius,

156 2278 190 2338 ut
205 2272 351 2338 homines
366 2273 409 2338 ad
429 2272 578 2354 μελέτας,
595 2269 784 2351 ἐπιστολάς,
801 2269 972 2352 διαλέξεις,
996 2274 1137 2359 deniqne
1151 2277 1196 2342 ad
1211 2296 1299 2343 omne

156 2394 256 2458 genus
287 2374 463 2440 studiorum
490 2374 668 2442 rhetoricae
698 2374 871 2442 admodum
903 2377 1012 2459 proni,
1045 2397 1298 2462 unumquemque

155 2476 271 2541 librum
286 2478 506 2543 metiebantur.
543 2477 731 2544 Elocutione
744 2498 813 2559 nos,
836 2483 871 2542 ut
886 2477 1004 2543 crimen
1023 2479 1203 2562 iniquitatis
1226 2480 1297 2547 effu·

155 2577 290 2660 giamus,
315 2584 346 2643 et
368 2579 431 2663 ipsi
451 2578 622 2644 Aelianum
643 2579 829 2645 iudicemus.

270 2811 362 2874 XIV.
399 2813 452 2877 De
474 2815 545 2877 aliis
567 2814 747 2900 quibusdum
769 2813 998 2899 quaestionibus
1018 2815 1208 2883 Actionem·

709 2953 747 3017 A.

241 3068 291 3134 De
313 3068 453 3135 lontibus
476 3089 536 3152 ego
559 3070 667 3134 uariae
698 3069 849 3135 historiae
877 3088 976 3152 agens
1007 3089 1078 3135 cum
1106 3091 1171 3136 non
1200 3091 1297 3156 pauca

157 3171 347 3236 documenta
362 3191 403 3236 ex
420 3172 607 3236 animalium
628 3170 763 3237 historia
784 3173 894 3256 petiui,
919 3191 990 3236 eam
1012 3172 1109 3237 tacite
1131 3173 1296 3257 amplexus

157 3294 226 3340 sum
248 3275 448 3357 sententiam,
471 3274 504 3337 in
520 3292 583 3354 qua
597 3293 701 3356 paene
716 3293 824 3340 omnes
840 3272 950 3339 doctos
965 3291 1037 3338 esse
1054 3272 1160 3358 uideo,
1185 3283 1296 3340 utrum·

157 3394 219 3458 que
247 3375 362 3440 librum
392 3376 447 3439 uni
475 3373 645 3457 eidemque
673 3375 808 3441 Aeliano
837 3374 1040 3441 tribuendum
1068 3394 1149 3440 esse.
1203 3378 1297 3443 Immo

171 3599 173 3604 ·
243 3577 267 3636 1)
285 3573 324 3627 Cf.
344 3571 418 3627 Suid.
433 3589 454 3627 s.
465 3590 491 3627 u.
555 3577 580 3637 2)
598 3573 627 3627 Si
639 3573 744 3641 quidem
756 3589 825 3644 quae
841 3574 870 3627 in
881 3591 908 3628 u.
920 3574 946 3628 h.
960 3573 994 3628 de
1006 3574 1123 3643 Aspasia
1139 3583 1205 3631 sunt
1222 3578 1298 3632 ctiam

156 3657 183 3711 in
201 3656 272 3710 Plut.
286 3663 380 3712 Artax.
395 3657 486 3712 XXVI
503 3660 531 3711 et
547 3657 643 3712 Pericl.
658 3658 756 3722 XXIV,
781 3674 849 3729 quae
868 3658 901 3712 de
918 3660 1061 3723 Atalante,
1080 3660 1152 3715 etin
1171 3662 1296 3732 Palaeph.

157 3743 190 3798 de
212 3742 313 3796 incred.
326 3740 392 3796 XIV
409 3742 530 3797 similiter
547 3749 720 3811 enarrantur3
746 3743 879 3811 uallisque
896 3743 999 3813 Tempe
1022 3752 1137 3801 uocatae
1154 3749 1298 3804 amoenitas

155 3827 210 3880 iam
231 3840 249 3878 a
266 3824 440 3894 Theopompo
463 3827 493 3880 in
514 3825 670 3894 Philippicis
693 3835 720 3880 et
742 3843 760 3881 a
781 3827 868 3882 Dione
886 3827 1077 3898 Chrysostomo
1098 3830 1235 3889 rhetorice
1257 3832 1298 3887 de·

157 3912 258 3980 scripta
275 3916 342 3962 erat.
379 3909 419 3964 cf.
438 3911 471 3964 E.
485 3909 593 3975 Rhode,
611 3910 659 3964 der
674 3910 840 3979 griechischc
858 3912 963 3967 Roman
981 3931 1007 3983 p.
1020 3918 1078 3970 508.
